1888 3170
846 184 1128 223 -12—

305 295 374 336 tiri
406 293 576 345 Wolfio,
613 295 825 344 Fabricio,
866 293 1133 347 Casaubono,
1171 296 1240 347 qui
1271 294 1424 337 Suidae
1462 299 1673 338 auctorem

304 369 491 410 Platonis
533 368 621 409 loco
670 368 720 408 de
762 380 848 419 rep.
892 368 929 408 X
976 381 1013 420 p.
1056 372 1138 410 614
1178 381 1258 422 sq.,
1311 369 1533 410 adductum
1584 382 1675 412 esse

304 442 559 492 existimant,
609 445 657 483 ut
699 442 798 483 talia
842 443 978 500 etiam·
1011 442 1154 484 Cebeti
1203 447 1474 495 supponeret,
1519 444 1677 486 scilicet

305 527 395 555 cum
418 515 551 556 obiter
583 518 623 555 et
653 515 860 556 incuriose
887 514 1089 557 Tabulam
1120 518 1302 569 legisset.
1355 516 1533 558 Facilius
1565 518 1675 559 enim

304 599 572 638 commoveor,
606 591 652 629 ut
684 601 790 639 eum,
823 601 903 641 quo
925 588 1071 630 Suidas
1104 595 1275 632 auctore
1296 601 1395 632 usus
1424 593 1502 641 est,
1535 602 1676 632 errore

306 665 473 713 captum
502 673 594 703 esse
624 662 804 712 credam,
836 674 959 714 quam
983 666 1028 704 ut
1050 663 1162 705 aliud
1195 664 1231 705 ei
1262 665 1304 705 in
1337 663 1528 705 manibus
1548 663 1677 705 fuisse

306 738 447 787 putem
483 734 647 776 Cebetis
681 747 783 787 opus
814 740 981 787 praeter
1011 749 1078 787 ea,
1110 750 1215 790 quae
1246 738 1453 789 Diogenes
1484 737 1675 779 Laertius

306 813 534 850 enumerat.
597 809 645 849 ld
682 812 795 850 certe
832 821 881 850 ex
919 810 989 852 illo
1021 810 1170 853 Suidae
1207 813 1296 853 loco
1327 823 1410 853 non
1441 823 1568 852 ausus
1599 811 1674 852 sim

308 881 514 933 colligere,
548 882 598 922 de
628 883 711 923 alia
734 887 858 935 atque
879 896 954 926 nos
985 884 1106 926 hodie
1137 886 1312 938 legimus
1344 885 1474 926 illium
1510 884 1676 926 Cebetis

303 955 462 996 Tabula
495 955 715 1007 cogitasse.

420 1028 479 1069 De
511 1029 720 1072 codicibus
752 1032 787 1072 si
816 1033 1069 1085 quaerimus,
1101 1034 1282 1085 optimus
1315 1033 1441 1074 codex
1463 1032 1677 1074 Parisinus

305 1104 340 1143 A
372 1103 643 1154 inscriptione
675 1108 801 1146 caret.
864 1105 924 1147 De
957 1106 1105 1147 ceteris
1139 1118 1244 1147 unus
1278 1108 1326 1157 C,
1359 1107 1428 1158 qui
1460 1107 1677 1148 deterioris

302 1178 466 1228 generis
489 1181 563 1227 est,
586 1178 762 1228 praebet
784 1178 980 1231 Κέβητος
1001 1179 1129 1229 πίναξ,
1154 1179 1414 1232 Θηβαιόυί).
1462 1180 1678 1222 Editiones

305 1251 497 1303 princeps
530 1255 571 1292 et
595 1251 747 1293 Aldina
778 1252 879 1293 illud
904 1254 1102 1306 Θηβαίου
1134 1265 1215 1294 non
1249 1252 1499 1305 exhibent2).
1551 1255 1679 1295 Recte

302 1326 431 1377 igitur
456 1325 688 1366 Drosihnus
719 1326 796 1367 hoc
818 1326 1147 1368 additamentum
1181 1328 1333 1367 nullius
1360 1329 1558 1370 momenti
1589 1340 1678 1370 esse

307 1399 531 1440 contendit.
594 1399 687 1441 Non
718 1400 810 1451 plus
842 1400 920 1441 hac
950 1401 993 1441 in
1018 1412 1062 1441 re
1095 1400 1234 1441 tribuo
1266 1401 1443 1442 versioni
1476 1402 1679 1443 Arabicae

302 1473 491 1525 quamvis
533 1485 582 1513 ex
627 1474 896 1526 integerrimo
943 1472 1213 1526 exemplari3)
1259 1473 1410 1516 factae:
1455 1476 1570 1516 cuius
1617 1476 1679 1516 in-

305 1547 476 1598 scriptio
509 1547 610 1588 haec
642 1546 767 1599 est·²):
810 1548 1040 1599 „Aenigma
1074 1548 1255 1599 Cebetis,
1295 1549 1415 1590 amici
1446 1549 1675 1590 Platonis“.

303 1620 390 1662 Hoc
428 1622 535 1661 enim
577 1621 627 1662 de
665 1634 738 1663 suo
774 1623 979 1674 interpres
1015 1623 1214 1663 Arabicus
1245 1623 1410 1664 videtur
1448 1624 1675 1672 addidisse,

301 1695 371 1746 qui
409 1694 517 1736 idem
558 1696 599 1736 in
638 1695 718 1737 fine
749 1697 961 1748 apposuit:
1007 1697 1212 1749 „Explicit
1250 1698 1452 1749 expositio
1484 1697 1677 1740 Herculis

302 1767 354 1807 ad
386 1767 581 1811 Cebetem
614 1769 914 1812 Platonicum.“

416 1841 510 1883 Jam
544 1842 755 1885 videamus
787 1844 886 1897 quid
923 1856 973 1885 ex
1005 1845 1270 1896 antiquorum
1301 1847 1552 1888 testimoniis
1591 1845 1677 1887 effi-

308 1915 452 1956 ciatur.
517 1917 652 1969 Atque
684 1918 917 1959 Drosihnus
950 1919 1035 1970 (die
1067 1919 1158 1960 Zeit
1189 1919 1262 1960 des
1285 1919 1414 1960 Pinax
1446 1933 1484 1972 p.
1513 1923 1556 1972 5)
1589 1921 1678 1961 vult

304 1989 400 2030 inde
433 2002 457 2030 a
490 1990 626 2032 medio
659 1993 840 2035 secundo
871 2005 910 2044 p.
936 1992 1031 2034 Chr.
1063 2005 1102 2034 n.
1136 1993 1299 2034 saeculo
1322 1993 1523 2035 Tabulam
1554 1995 1677 2047 vulgo

301 2062 512 2106 Socratico
552 2064 696 2106 Cebeti
738 2067 991 2119 adscriptam
1032 2079 1134 2108 esse.
1197 2067 1243 2108 Id
1287 2068 1395 2121 quod
1437 2080 1570 2120 neque
1611 2070 1675 2120 iis,

302 2150 409 2191 quae
441 2151 567 2192 supra
600 2141 800 2192 congessi,
834 2141 1104 2193 testimoniiS,
1137 2153 1269 2194 neque
1301 2154 1406 2184 novo
1438 2142 1526 2194 illo,
1567 2143 1676 2195 quod

415 2298 447 2342 1)
474 2300 517 2333 cf.
545 2299 582 2333 C.
609 2300 644 2334 C.
669 2299 821 2337 Mueller
859 2301 899 2336 de
929 2305 1005 2335 arte
1040 2301 1161 2335 critica
1194 2300 1331 2335 Cebetis
1363 2301 1451 2335 Tab.
1476 2301 1675 2337 adhibenda

299 2366 332 2399 p.
358 2356 412 2390 28.

416 2418 448 2463 ²)
474 2419 624 2454 Mueller
649 2431 682 2464 p.
708 2422 762 2456 69.
806 2422 927 2465 Neque
953 2431 1004 2464 ea,
1030 2432 1133 2465 quam
1147 2422 1250 2465 vulgo
1267 2421 1465 2455 existimant
1489 2422 1676 2456 editionem

299 2476 503 2520 principem,
531 2487 641 2521 neque
665 2488 769 2521 quam
787 2478 963 2514 Brunetus
982 2479 1056 2513 vult
1080 2478 1274 2522 principem
1300 2478 1417 2522 fuisse,
1442 2479 1575 2513 addunt
1591 2479 1676 2513 illud

303 2533 486 2576 Θηβαίου.

416 2601 447 2644 3)
476 2601 626 2637 Mueller
650 2614 684 2647 p.
713 2604 768 2638 79.

414 2669 446 2714 4)
474 2672 662 2706 secundum
689 2672 1012 2717 interpretationem
1037 2672 1375 2708 Elichmannianam.
