1888 3170
870 201 1153 239 -33—

324 312 503 363 primum
533 311 669 352 locum
701 312 891 363 assignat
922 313 959 353 ei
980 312 1234 365 disciplinae,
1267 325 1370 366 quae
1401 321 1465 354 est
1494 313 1544 353 de
1574 313 1694 354 bonis

325 392 366 427 et
398 384 594 436 11131151)
633 385 735 426 Cum
779 385 841 425 his
875 387 1126 428 conveniunt
1167 399 1273 440 quae
1311 387 1422 438 apud
1455 387 1694 428 Ciceronem

325 458 556 499 invenimus
599 459 649 499 de
689 457 759 499 fin.
798 463 840 509 5,
880 462 925 509 6,
969 463 1036 500 15:
1080 460 1156 501 hoc
1197 460 1376 511 (summo
1416 459 1543 512 bono)
1585 461 1695 501 0111111

326 532 550 573 constituto
581 532 624 572 in
650 532 915 584 philosophia
937 534 1165 575 constituta
1187 539 1285 575 sunt
1306 535 1455 575 omnia.
1504 533 1694 575 Socrates

324 611 365 646 et
390 605 522 656 Plato,
557 609 603 646 ut
623 617 706 647 non
727 610 893 647 tantum
918 611 1120 658 quantum
1143 607 1269 649 Stoici
1302 608 1572 649 excoluerant
1601 620 1695 649 eum

324 679 472 729 locum,
505 680 575 731 qui
606 684 671 720 est
701 680 750 720 de
782 680 901 721 bonis
932 685 974 721 et
1005 681 1137 732 malis,
1170 682 1230 723 ita
1253 694 1334 723 non
1361 681 1694 733 antiquissimam

326 766 417 794 eam
470 753 602 794 totius
652 752 939 805 philosophiae
992 760 1156 806 partem
1212 760 1527 807 ceterarumque
1577 755 1695 806 quasi

325 827 639 868 fundamentum
682 839 774 868 esse
818 827 1092 870 affirmarunt.
1154 830 1260 870 Item
1293 829 1421 871 Stoici
1458 830 1522 870 vel
1554 828 1696 882 Cynici

325 905 389 942 est
410 913 550 941 rerum
571 901 877 943 multitudinem
911 903 1092 944 dividere
1123 904 1166 944 in
1198 904 1321 954 bona,
1354 904 1477 954 mala,
1511 916 1560 944 ea
1591 916 1696 956 quae

324 986 397 1015 nec
419 974 528 1015 bona
550 987 626 1016 nec
646 976 758 1015 mala
781 980 891 1026 sunt,
925 977 1022 1035 sive,
1055 980 1102 1017 ut
1123 976 1334 1018 Ciceronis
1362 977 1561 1019 vocabulo
1586 982 1695 1028 utar,

325 1049 457 1089 media
479 1048 547 1098 (cf.
577 1048 679 1090 Tab.
705 1052 790 1100 3,3;
826 1053 877 1091 38
904 1062 979 1103 sq.,
1013 1052 1208 1102 saepius).
1270 1052 1350 1093 Vix
1382 1052 1544 1093 mireris
1576 1065 1697 1094 voca-

323 1122 478 1173 bulum,
507 1134 586 1174 quo
608 1123 668 1163 illi
697 1124 937 1174 utebantur,
970 1119 1207 1177 ἀδιάφορα,
1238 1126 1288 1166 ab
1312 1131 1479 1167 auctore
1513 1126 1696 1168 Tabulae

324 1197 554 1238 adhibitum
587 1209 668 1238 11011
690 1209 798 1247 055ος
833 1199 1029 1240 studebat
1052 1200 1161 1240 enim
1183 1200 1363 1241 scribere
1387 1201 1696 1243 accommodate

323 1271 376 1312 ad
399 1283 657 1312 communem
679 1272 1021 1323 intellegentiam.
1069 1273 1188 1314 Hanc
1209 1274 1453 1315 divisionem
1477 1287 1502 1316 a
1526 1274 1696 1317 Socrate

323 1351 364 1386 et
408 1345 582 1387 Platone
625 1346 804 1387 alienam
844 1346 1095 1388 invenerunt
1135 1346 1298 1400 Cynici,
1343 1361 1368 1389 a
1407 1349 1557 1400 quibus
1603 1362 1695 1391 eam

323 1424 569 1472 receperunt
600 1419 775 1471 Stoici2).

437 1543 468 1586 1)
497 1545 560 1587 vel,
585 1550 624 1577 ut
650 1544 800 1579 Senecae
825 1545 940 1579 verbis
967 1551 1061 1588 utar,
1085 1546 1291 1589 inspectioni
1316 1558 1415 1582 suum
1439 1549 1565 1592 cuique
1588 1549 1696 1583 tribu-

323 1603 395 1634 enti
422 1607 455 1634 et
485 1601 700 1644 aestimanti,
731 1608 862 1645 quanto
895 1602 1049 1646 quidque
1075 1602 1214 1646 dignum
1248 1604 1303 1639 sit.
1358 1604 1408 1638 Cf.
1440 1607 1544 1640 etiam
1577 1607 1695 1642 Senec.

321 1667 375 1700 ep.
394 1659 449 1700 88,
475 1659 534 1692 28:
561 1669 631 1693 una
648 1670 686 1693 re
705 1668 967 1693 consummatur
984 1661 1132 1703 animus,
1152 1661 1301 1695 scientia
1326 1661 1500 1696 bonorum
1524 1673 1564 1697 30
1588 1663 1696 1698 111310-

321 1725 399 1748 rum
424 1715 652 1758 immutabili,
686 1726 775 1760 quae
805 1716 869 1750 soli
894 1716 1139 1760 philosophiae
1171 1718 1347 1761 competit.

442 1771 468 1816 ²)
494 1773 597 1815 Diog.
630 1773 750 1808 Laert.
777 1773 827 1807 VI
860 1776 941 1808 105:
976 1770 1021 1807 τὰ
1057 1772 1096 1808 ὁὲ
1124 1771 1260 1818 μεταξὺ
1299 1770 1432 1819 ἀρετῆς
1465 1775 1528 1809 καὶ
1563 1777 1697 1817 κακίας

325 1823 520 1873 ἀδιάφορα
547 1827 730 1873 λέγουσιν,
782 1830 917 1864 Eadem
942 1830 1062 1865 divisio
1096 1831 1229 1875 placuit
1255 1832 1490 1875 Academicis,
1517 1833 1696 1877 Peripate-

323 1886 418 1929 ticis;
453 1887 512 1920 sed
537 1887 664 1921 horum
688 1888 724 1921 in
749 1897 897 1922 numero
922 1895 1101 1922 auctorem
1137 1899 1206 1923 non
1237 1889 1345 1924 fuisse
1377 1890 1469 1924 infra
1493 1890 1697 1926 videbimus.

324 1944 457 1978 Tamen
483 1944 579 1978 haud
597 1944 659 1978 abs
683 1955 721 1978 re
747 1944 882 1979 videtur
899 1955 975 1979 esse
993 1955 1264 1980 commemorare
1282 1956 1487 1981 consensum
1511 1948 1696 1992 quendam,

322 2000 382 2044 qui
409 2007 459 2035 est
484 2001 576 2035 inter
601 2001 766 2036 Cebetem
793 2007 828 2035 et
853 2002 1100 2036 Xenocratem.
1149 2002 1241 2037 Sext.
1268 2003 1402 2047 Empir.
1429 2005 1519 2037 enim
1542 2005 1579 2038 in
1605 2005 1695 2040 libro

323 2058 383 2101 qui
406 2057 607 2092 inscribitur
639 2058 805 2092 adversus
838 2059 1103 2093 mathematicos
1131 2061 1286 2102 11,3—4
1309 2060 1398 2094 haec
1422 2061 1525 2095 dicit:
1559 2059 1697 2102 πάντες

321 2112 390 2158 μὲν
419 2113 458 2147 οἵ
491 2110 585 2148 κατὰ
622 2110 762 2158 τρόπον
801 2116 1009 2158 στοιχειοῦν
1041 2116 1244 2155 δοκοῦντες
1279 2117 1352 2149 τῶν
1377 2114 1598 2161 φιλοσόφων
1633 2118 1697 2153 καὶ

325 2168 605 2215 ἐπιφανέστατα
624 2168 725 2214 παρὰ
743 2169 887 2212 πάντας
898 2173 984 2206 οἵτε
999 2167 1072 2206 ἀπὸ
1093 2173 1156 2216 τῆς
1175 2167 1331 2216 ἀρχαίας
1349 2169 1563 2218 εἷκαδημιάς
1579 2175 1643 2210 καὶ
1661 2175 1701 2210 οἷ

322 2223 395 2262 ἀπὸ
415 2229 481 2261 τοῦ
508 2225 727 2271 περιπάτου,
757 2227 808 2262 ἔτι
827 2227 866 2262 δὲ
894 2230 958 2272 τῆς
977 2230 1087 2268 στοᾶς
1106 2226 1262 2263 εἰώθασι
1289 2227 1549 2275 διαιρούμενοι
1573 2231 1696 2276 λέγειν

321 2286 394 2318 τῶν
419 2279 540 2318 ὄντων
565 2281 609 2318 τὰ
635 2283 703 2329 μὲν
731 2286 827 2319 εἶναι
853 2280 984 2329 ἀγαθὰ
1009 2282 1054 2319 τὰ
1073 2283 1113 2319 δὲ
1141 2282 1250 2328 κακά,
1266 2283 1310 2320 τὰ
1328 2285 1368 2320 δὲ
1388 2284 1525 2330 μεταξὺ
1552 2285 1696 2324 τούτων

321 2336 417 2385 ἅπερ
442 2341 506 2375 καὶ
525 2336 720 2385 αὸιάφορα
747 2341 801 2386 2.έῇ
803 2355 929 2376 ουσιν.
975 2337 1189 2385 Ιόιαίτερον
1207 2341 1248 2376 δὲ
1274 2340 1376 2386 παρὰ
1402 2357 1491 2384 τους
1517 2340 1651 2385 ἄλλους
1675 2341 1694 2380 ὃ

324 2395 566 2443 Ξενοκραΐης
590 2399 654 2432 καὶ
679 2403 777 2439 ταῖς
804 2395 980 2439 ἕνικαις
1005 2410 1199 2433 πῖωσέσι
1225 2413 1414 2444 χρωμξνθς
1434 2399 1601 2445 SqQOEG'HS’
1619 2403 1696 2436 πᾶν

320 2452 360 2490 τὸ
388 2452 432 2490 ο“ν
468 2452 489 2500 ἢ
518 2451 670 2500 ἀγαθόν
697 2453 794 2490 ἐστιν
822 2451 843 2500 ἢ
870 2453 988 2490 κακόν
1025 2452 1122 2490 ἐστιν
1159 2451 1182 2500 ἢ
1220 2452 1324 2490 οὔτε
1361 2471 1405 2501 α’,
1406 2455 1541 2492 αθόν
1576 2454 1696 2492 ἐστιν

323 2525 340 2547 ο
355 2509 379 2547 ὕ
389 2526 432 2548 τε
459 2527 544 2548 παν,
556 2510 604 2548 όν
632 2510 728 2548 ἐστιν
754 2514 818 2558 (cf.
845 2514 931 2548 Tab.
950 2516 981 2558 3,
996 2517 1042 2554 3).
1077 2514 1143 2557 Qui
1161 2524 1348 2549 consensus
1365 2525 1467 2558 quam
1485 2515 1590 2549 facile
1614 2526 1695 2551 casu

323 2570 415 2605 effici
440 2571 596 2614 potuerit
613 2581 713 2605 nemo
739 2577 793 2605 est
819 2571 903 2615 quin
926 2541 1053 2605 vitieat.
1104 2571 1267 2605 Ceterum
1290 2582 1334 2605 ne
1360 2583 1381 2606 a
1407 2571 1532 2607 Stoicis
1557 2573 1695 2616 quidem

321 2628 409 2661 haec
433 2628 575 2670 partitio
602 2627 667 2662 fuit
693 2628 826 2671 aliena;
867 2628 909 2663 cf.
940 2628 1035 2663 Stob.
1063 2627 1125 2662 001.
1149 2639 1184 2672 p.
1213 2630 1277 2662 172
1304 2632 1356 2669 <41
1384 2628 1510 2673 Mein.)
1535 2625 1575 2662 τὸ
1603 2625 1693 2673 μήτε

321 2677 470 2726 ἀγαθὸν
495 2680 585 2727 μήτε
613 2680 744 2718 κακόν.
