1888 3170
872 347 894 393 ,Ξ
913 369 928 394 :¹
1332 344 1425 386 apud
1451 345 1641 387 scriptores

877 397 893 405 '⁷
912 399 927 404 ”
1321 400 1465 444 Polybio
1491 401 1657 435 recentio-

877 448 935 504 {Z}
1317 468 1371 491 res
1397 457 1528 501 (biom,
1555 457 1657 499 Phil„

836 502 929 559 {3²⁴
1329 515 1403 547 Dio.
1424 515 1515 557 Chr.e
1535 514 1645 553 plut.)

350 663 549 705 παρατηρῶ
576 662 736 696 insidiari
1116 667 1144 701 ἦ·
1402 667 1438 700 —l-
1467 663 1591 705 (Subst.

1362 715 1618 762 παρατήρησις

348 773 538 819 περισπάω
1111 780 1144 815 -Ι-
1471 777 1515 820 Ἷῑ-

349 834 559 876 περίστασις
1107 833 1150 876 -1-
1472 833 1515 877 {-

349 887 474 923 πυλών
861 895 893 928 -l-
1107 891 1149 933 —l—
1472 890 1515 933 —l—

350 948 534 991 συνομιλῶ
1474 950 1508 986 -l-

349 1005 536 1038 νοσοποιῶ
858 1008 892 1044 -Ι-

349 1061 487 1104 νίκημα
1113 1066 1145 1100 ἦ-
1477 1064 1509 1099 4-

349 1114 515 1161 περιάγω
541 1119 623 1153 intr,
1479 1121 1511 1155 ψ

351 1177 427 1215 πῶς
438 1181 532 1210 certo
546 1176 694 1219 quodam
704 1176 806 1210 modo
858 1179 893 1215 —l—
1480 1179 1512 1214 «ὶ-

430 1258 491 1299 Ex
524 1257 587 1298 his
629 1258 756 1309 igitur
797 1258 969 1309 triginta
1011 1258 1144 1299 tribus
1184 1257 1394 1298 vocabulis
1436 1257 1486 1296 ab
1531 1257 1688 1307 optima

317 1332 555 1373 Graecitate
598 1332 743 1372 alienis
787 1336 878 1372 octo
923 1331 1032 1384 apud
1077 1332 1298 1383 scriptores
1338 1334 1576 1381 occurrunt,
1618 1331 1689 1382 qui

316 1405 483 1447 fuerunt
520 1410 616 1446 ante
654 1406 889 1458 Polybium;
931 1405 1165 1458 quindecim
1211 1405 1319 1456 apud
1358 1405 1575 1458 Polybium
1617 1416 1687 1445 ex-

316 1485 442 1531 stant,
476 1481 651 1531 triginta
688 1480 767 1521 duo
808 1481 917 1532 apud
956 1481 1179 1532 scriptores
1215 1480 1382 1531 Polybio
1415 1481 1686 1529 recentiores;

316 1555 529 1596 duodecim
562 1567 611 1596 ex
642 1556 692 1596 iis
727 1568 805 1596 non
839 1561 936 1596 aute
958 1556 1136 1607 primum
1168 1567 1202 1595 a.
1229 1555 1322 1595 Chr.
1347 1567 1385 1595 n.
1414 1555 1477 1594 vel
1509 1555 1686 1606 primum

315 1636 409 1682 post
441 1630 533 1670 Chr.
567 1643 606 1671 n.
639 1632 860 1681 saeculum,
893 1634 1093 1682 quantum
1117 1642 1190 1670 nos
1213 1629 1426 1681 explorare
1457 1640 1687 1680 possumus,

314 1704 357 1744 in
390 1717 465 1746 usu
497 1704 677 1745 fuerunt.

431 1780 577 1831 ltaque
607 1779 682 1820 hac
721 1778 1010 1831 disquisitione
1048 1779 1098 1819 <le
1137 1789 1326 1819 sermone
1358 1776 1541 1817 Tabulae
1572 1777 1690 1818 insti-

317 1856 411 1894 tuta
444 1865 492 1894 ea
525 1851 841 1903 confirmantuiy
885 1864 990 1905 quae
1030 1852 1195 1904 supra1)
1234 1852 1283 1892 de
1322 1851 1486 1892 Pinacis
1523 1855 1692 1892 auctore

316 1928 434 1970 nobis
477 1927 603 1968 videri
643 1927 819 1980 professi
860 1939 1014 1969 sumus.
1078 1927 1207 1977 Quem
1251 1927 1293 1967 in
1334 1938 1475 1967 eorum
1511 1925 1691 1977 philoso-

316 2002 491 2053 phorum
514 2014 685 2042 numero
707 2001 834 2042 fuisse
856 2001 1061 2052 existimo,
1089 2001 1160 2052 qui
1181 1999 1275 2041 inde
1298 2012 1322 2040 a
1346 1999 1531 2040 Panaetii
1553 2002 1690 2040 aetate

316 2076 357 2116 in
390 2077 534 2117 morali
566 2076 829 2127 philosophia
868 2075 919 2116 ad
959 2087 1215 2117 communem
1257 2073 1584 2124 intellegentiam
1622 2083 1688 2112 ac-

316 2150 573 2191 commodate
601 2150 840 2202 exponenda
869 2161 1007 2190 curam
1040 2149 1306 2190 collocarunt.
1369 2146 1690 2198 Angustioribus

316 2225 441 2265 etiam
473 2223 625 2265 finibus
647 2224 828 2265 auctoris
849 2227 1030 2264 aetatem
1053 2227 1094 2264 et
1124 2226 1293 2274 propter
1324 2221 1547 2272 allegoriae
1569 2231 1688 2260 usum

316 2310 407 2339 cum
439 2299 625 2340 Philonis
667 2303 708 2340 et
749 2298 891 2339 Dionis
933 2296 1218 2350 Chrysostomi
1260 2295 1557 2337 consuetudine
1595 2306 1689 2334 con·

317 2373 551 2414 venientem
593 2377 634 2413 et
674 2377 842 2425 propter
884 2372 1102 2414 verborum
1142 2369 1434 2422 supellectilem
1469 2367 1688 2409 Plutarcho

317 2446 489 2498 eiusque
530 2447 774 2498 aequalibus
818 2446 1072 2487 simillimam
1113 2445 1171 2486 ita
1210 2444 1305 2485 licet
1336 2441 1688 2491 circumscribere,

317 2524 364 2561 ut
395 2520 526 2572 primo
558 2534 596 2573 p.
630 2520 723 2561 Chr.
756 2534 794 2561 n.
828 2520 990 2561 saeculo
1022 2531 1114 2560 eum
1146 2518 1275 2559 fuisse
1307 2521 1553 2559 statuamus

436 2610 462 2652 ³)
489 2621 520 2652 p.
547 2611 589 2643 82
616 2620 683 2652 sq.;
711 2620 745 2652 p.
773 2611 848 2642 104.
