1888 3170
690 212 742 215 —
808 193 886 230 109
952 214 997 217 —-

159 315 262 353 esse,
295 303 463 344 obvenit
494 302 628 345 forma
660 299 932 356 συνήκαμεν,
965 315 1070 355 quae
1101 315 1350 355 quamquam
1383 303 1434 343 ab
1458 302 1531 343 At-

158 377 251 419 ticis
283 377 419 418 aliena
451 389 530 418 non
564 380 665 426 erat,
699 380 837 417 tamen
872 389 921 417 ex
953 389 1101 427 prosae
1125 377 1326 418 orationis
1359 377 1531 428 scripto-

159 451 272 492 ribus
305 463 328 491 a
360 450 635 502 Xenophonte
667 454 708 491 et
738 450 1016 491 Demosthene
1055 451 1152 491 solis
1184 451 1371 502 saepius,
1413 463 1437 490 a
1468 462 1531 490 ce-

157 526 260 566 teris
291 525 503 566 rarissime
535 524 825 565 adhibebatur.
838 524 873 576 ¹)

273 598 349 639 His
381 610 534 650 paucos
556 598 707 639 addam
729 598 853 648 locos,
885 598 1035 650 quibus
1063 599 1100 639 in
1126 599 1334 639 codicibus
1357 597 1532 649 singulis

158 674 222 714 vel
255 673 445 714 omnibus
467 676 633 714 exstant
664 673 907 724 scripturae,
940 685 1060 725 quae,
1094 673 1126 713 si
1150 676 1288 713 rectae
1320 676 1532 724 putantur,

160 747 523 789 vehementissime
561 751 728 787 movent
760 747 1001 788 recentioris
1040 747 1212 798 originis
1244 746 1428 787 Tabulae
1467 758 1534 786 su-

160 823 400 873 spicionem,
429 822 497 862 ubi
520 833 617 862 vero
635 820 960 862 emendationem
985 821 1263 862 adhibendam
1294 832 1381 861 esse
1412 819 1533 861 facile

160 896 439 947 intellegitur3
484 907 590 936 unus
635 899 854 947 praeterea
897 895 1056 936 accedit
1102 896 1227 945 locus,
1272 907 1353 947 quo
1396 900 1532 935 utrum

161 970 434 1021 corruptelam
459 970 590 1010 latere
612 981 663 1009 an
686 981 747 1019 ea,
770 980 876 1021 quae
899 968 940 1008 in
964 969 1081 1010 libris
1096 973 1274 1021 exstant,
1296 969 1535 1020 recipienda

162 1043 202 1084 in
231 1044 477 1095 iudiciisque
506 1043 749 1084 recentioris
777 1043 928 1083 aetatis
951 1044 1209 1084 numeranda
1234 1055 1323 1084 esse
1345 1055 1533 1084 censeam

162 1129 385 1169 suspensus
419 1117 581 1159 haereo.

278 1196 315 1242 3,
336 1195 358 1233 3
392 1192 479 1232 cod.
513 1192 548 1232 A
579 1192 751 1243 praebet
783 1190 979 1243 ovmsffl).
1042 1191 1454 1242 Scluveighaeuserns
1486 1204 1537 1232 ex

166 1267 405 1307 coniectura
427 1266 592 1318 scripsit
623 1266 765 1319 συνιῇ.
818 1265 877 1307 Ut
904 1267 1092 1307 omittam
1126 1278 1330 1318 quaerere
1361 1266 1409 1306 de
1431 1265 1537 1306 indi-

164 1341 287 1381 cativi
319 1340 452 1381 forma
483 1338 680 1391 συνιεῐ3),
713 1343 935 1392 propterea
957 1340 1033 1381 hoc
1053 1341 1141 1381 loco
1173 1353 1255 1380 non
1286 1341 1418 1381 ausim
1441 1352 1537 1381 auc-

164 1415 243 1457 tori
276 1416 481 1467 imputare
509 1414 723 1454 indicativi
746 1417 840 1466 post
871 1410 948 1455 ἐάν
981 1426 1113 1464 usum,
1145 1416 1253 1466 quod
1276 1415 1398 1467 paulo
1431 1413 1538 1455 infra

166 1489 228 1542 (4)
262 1490 450 1541 sequitur
490 1483 568 1529 ἐὰν
606 1487 657 1528 δέ
690 1504 753 1537 τις
783 1490 888 1545 γνῷ.
958 1489 1106 1540 Itaque
1145 1489 1240 1530 huic
1277 1490 1364 1530 loco
1402 1501 1538 1530 emen-

165 1563 375 1605 dationem
415 1562 612 1604 adhibere
654 1575 702 1604 eo
741 1564 875 1604 minus
912 1575 1077 1613 vereor⁷
1118 1564 1226 1614 quod
1265 1564 1372 1615 apud
1407 1563 1537 1604 Muel-

165 1637 298 1679 lerum
330 1637 379 1678 de
412 1637 532 1678 liuius
566 1636 644 1677 loci
670 1638 877 1689 scriptura
908 1637 1011 1678 nihil
1043 1638 1208 1679 invenio
1240 1637 1425 1689 allatum,
1458 1637 1540 1678 col-

165 1712 266 1753 latio
290 1715 428 1752 autem
447 1724 469 1752 a
488 1710 878 1762 Schweighaeusero
901 1711 1058 1752 usitata
1082 1724 1176 1752 num
1199 1723 1537 1764 usquequaquam

165 1785 243 1827 fide
275 1786 401 1837 digna
432 1786 499 1834 sit,
532 1786 689 1826 dubito.
742 1785 912 1826 Accedit
942 1786 1050 1838 quod
1082 1786 1315 1827 emendatio
1347 1798 1389 1827 se
1421 1784 1542 1827 offert

168 1860 381 1902 facillima.
429 1860 599 1901 Etenim
622 1860 655 1900 si
678 1860 814 1900 minus
840 1863 1034 1901 accurate
1064 1860 1106 1901 in
1129 1872 1175 1902 eo
1206 1860 1358 1911 codice,
1390 1872 1439 1901 ex
1460 1872 1540 1912 quo

167 1934 286 1977 fluxit
303 1934 358 1985 A,
385 1947 460 1986 pro
487 1932 746 1996 CYNHI
769 1933 966 1985 scriptum
996 1937 1087 1975 erat
1119 1932 1281 1994 CYN
1297 1931 1350 1977 H-
1370 1935 1389 1972 1
1425 1938 1540 1987 patet

168 2009 445 2061 corruptelam
470 2008 580 2050 haud
604 2007 771 2049 difficile
794 2009 894 2050 oriri
915 2009 1112 2060 potuisse.
1160 2009 1328 2061 Optime
1349 2009 1477 2060 igitur
1500 2013 1541 2050 et

288 2154 315 2199 ⁵)
342 2156 392 2191 Cf.
418 2156 599 2190 Kuehneri
626 2167 769 2198 gramm.
796 2156 918 2190 Graec.
946 2157 961 2189 I
986 2167 1020 2199 p.
1047 2159 1124 2198 646,
1149 2158 1226 2190 660.
1278 2156 1382 2200 Apud
1416 2156 1542 2190 Demo-

170 2213 329 2247 sthenem
372 2213 558 2247 sescenties
589 2213 655 2247 hae
688 2213 821 2246 formae
854 2213 1055 2247 obveniunt.
1123 2213 1153 2246 E
1188 2212 1370 2256 prioribus
1402 2217 1542 2256 praeter

170 2270 440 2313 Xenophontem
474 2270 684 2314 paucissima
727 2270 887 2314 exempla
921 2270 1120 2305 afferuntur
1161 2281 1202 2304 ex
1242 2271 1470 2313 Antiphontis
1508 2275 1542 2303 et

169 2326 261 2360 100οἰ
287 2327 518 2362 orationibus.

287 2383 313 2426 ¹)
341 2385 399 2427 3‚2
434 2395 497 2428 pro
532 2385 652 2419 formis
686 2385 793 2428 συνιή
827 2390 861 2418 et
891 2381 940 2428 μὴ
974 2385 1081 2428 συνιή
1116 2389 1148 2418 et
1182 2385 1214 2418 A
1247 2390 1281 2418 et
1315 2384 1348 2418 V
1374 2384 1543 2428 praebent

171 2441 289 2475 συνίει
313 2446 348 2475 et
372 2437 421 2485 μὴ
449 2442 578 2486 συνίει,
605 2453 695 2486 quae
720 2443 755 2476 in
781 2447 912 2476 textum
939 2447 1020 2477 sunt
1046 2442 1259 2485 recipienda.

288 2511 315 2553 ²)
343 2511 518 2545 Porsonus
546 2512 685 2555 quidem
712 2512 776 2546 has
802 2511 932 2546 formas
957 2512 1049 2555 apud
1067 2512 1269 2555 Euripidem
1287 2512 1453 2545 delendas
1469 2522 1542 2546 esse

172 2568 307 2600 censuit
331 2567 471 2610 (Eurip.
499 2567 558 2602 Or.
588 2570 678 2611 141).
729 2568 942 2602 Matiliiaeus
980 2569 1024 2601 ab
1059 2568 1184 2602 Atticis
1219 2578 1276 2601 eas
1309 2569 1381 2602 vult
1412 2568 1543 2602 alienas

173 2634 249 2657 esse
274 2624 348 2666 (Gr.
381 2624 440 2657 Gr.
466 2626 596 2668 2051).
655 2626 885 2658 Buttmannns
915 2630 1036 2659 contra
1062 2636 1078 2658 a
1108 2626 1268 2659 Por-sono
1294 2635 1353 2658 eas
1380 2625 1543 2660 defendit.

174 2679 225 2713 Cf.
253 2680 432 2714 Kuehner.
460 2693 510 2722 gr.
537 2693 587 2724 gr.
614 2682 629 2715 Ι
655 2684 723 2715 644
749 2694 779 2715 n.
806 2685 835 2715 4.
