1888 3170
691 210 971 247 —53—

148 317 199 358 ad
232 329 323 358 eum
358 316 494 370 finem,
527 318 594 370 qui
628 319 818 360 omnibus
849 322 1086 373 propositus
1118 324 1200 373 est,
1241 321 1436 362 virtutem
1473 322 1516 361 et

148 403 290 432 veram
321 393 609 442 eruditionem,
639 394 940 444 assequendum
974 394 1089 435 nulla
1112 395 1172 436 vis
1197 395 1329 436 inesse
1351 395 1513 445 dicitur,

147 466 290 506 iisdem
318 466 576 518 aliquantum
600 466 796 507 utilitatis
820 468 1080 520 attribuitur,
1112 482 1201 510 cuni
1225 468 1516 510 convenienter

146 540 217 591 iis,
250 551 356 592 quae
389 552 514 592 supra
545 540 595 581 de
626 540 809 582 auctoris
842 542 1049 583 sententia
1081 543 1400 594 disputavimus,
1441 553 1515 583 eae

146 627 232 664 res,
274 615 423 666 quibus
464 614 650 656 homines
694 626 775 655 non
819 614 923 656 fiant
954 616 1164 667 meliores,
1208 617 1248 657 in
1280 617 1401 658 bonis
1432 627 1513 657 non

145 689 356 730 ducendae
394 689 608 740 omnisque
639 688 822 740 dignitas
853 689 912 730 eis
952 689 1006 730 sit
1038 690 1275 741 deroganda
1307 690 1375 743 (cf.
1410 693 1513 740 39‚3

145 767 254 815 etp.
289 763 372 812 44).
433 761 595 803 Deinde
637 762 669 802 si
711 762 782 804 illa
823 764 876 804 ad
909 763 1100 804 virtutem
1141 776 1245 817 opus
1284 778 1363 806 non
1403 768 1514 816 sunt,

145 838 268 879 aliam
309 848 471 889 quoque
507 836 616 876 viam
664 848 753 877 esso
796 837 1117 890 existimaveris,
1162 851 1269 890 quae
1309 839 1416 880 ferat
1462 839 1515 881 ad

144 924 280 953 veram
304 911 589 953 Eruditionein
622 922 755 961 neque
788 923 925 953 senem
957 912 1174 965 imperare,
1208 917 1252 954 ut
1285 925 1375 954 cum
1407 912 1514 953 falsa

144 985 388 1027 Eruditione
431 996 654 1026 versemur.
729 985 905 1026 Tollitur
946 985 1188 1038 difficultas,
1229 987 1262 1028 si
1303 999 1396 1029 cum
1439 986 1516 1028 hoc

144 1061 279 1112 capitc
324 1058 629 1111 comparaveris
669 1058 847 1100 Senecae
889 1060 1107 1111 epistulam
1142 1064 1213 1111 88,
1256 1061 1372 1102 cuius
1414 1060 1516 1102 haec

142 1135 402 1186 potissimum
425 1133 550 1173 verba
573 1132 625 1173 ad
654 1137 837 1174 nostram
861 1135 1145 1185 quaestionem
1169 1136 1393 1187 pertinent,
1427 1147 1514 1176 am-

144 1209 272 1262 pliore
311 1207 586 1260 explicatione
626 1208 876 1249 sententiani
919 1221 942 1248 a
982 1208 1133 1250 Cebetc
1174 1209 1379 1260 prolatam
1420 1209 1514 1250 illu-

143 1285 322 1325 strantia
366 1282 525 1334 (88,2):
582 1281 782 1332 „Quidam
830 1283 930 1323 illud
976 1283 1026 1324 de
1070 1283 1311 1324 liberalibus
1364 1283 1514 1325 studiis

141 1356 421 1409 quaerendum
454 1355 754 1407 iudicaverunt,
787 1369 839 1397 an
864 1357 994 1398 virum
1017 1358 1167 1398 bonum
1204 1356 1400 1398 facerent.
1453 1357 1514 1398 Ne

142 1431 394 1483 promittunt
415 1430 579 1481 quidem
602 1441 676 1470 nec
697 1429 817 1472 huius
849 1431 909 1471 rei
942 1432 1157 1472 scientiam
1181 1430 1378 1472 affectant
1403 1430 1512 1484 (2o):

142 1506 279 1556 Quare
311 1516 409 1555 ergo
441 1503 679 1545 liberalibus
711 1505 861 1546 studiis
883 1505 989 1546 filios
1012 1505 1251 1546 erudimus?
1303 1505 1393 1546 Non
1416 1506 1514 1558 quia

143 1581 338 1621 virtutem
372 1579 472 1619 dare
503 1578 677 1629 possint,
711 1579 783 1619 sed
814 1579 908 1630 quia
937 1579 1121 1620 animum
1155 1580 1206 1620 ad
1233 1580 1513 1632 accipiendam

140 1654 336 1695 virtutem
369 1656 645 1705 praeparant:
670 1685 677 1694 .
703 1687 710 1694 .
736 1686 744 1694 .
770 1685 778 1693 .
813 1654 1004 1694 liberales
1036 1658 1150 1695 artes
1181 1666 1260 1696 non
1285 1654 1515 1706 perducunt

144 1728 329 1769 animum
361 1726 413 1767 ad
434 1726 644 1777 virtutem,
678 1727 746 1768 sed
773 1728 996 1780 expediunt
1020 1761 1027 1767 .
1052 1761 1059 1768 .
1085 1760 1092 1768 .
1118 1763 1125 1770 .
1154 1753 1202 1756 m„
1228 1728 1328 1770 Cum
1351 1728 1512 1779 dicatis,

140 1803 290 1854 inquit,
324 1802 412 1842 sine
443 1800 684 1842 liberalibus
718 1802 868 1843 studiis
890 1802 940 1842 ad
963 1802 1159 1843 virtutem
1190 1815 1268 1843 non
1293 1802 1512 1854 perveniri,

141 1888 261 1928 quem
295 1876 346 1916 ad
379 1876 543 1916 modum
574 1876 737 1927 negatis
778 1877 845 1916 illa
885 1876 988 1917 nihil
1020 1875 1207 1918 conferre
1240 1876 1412 1917 virtuti?
1435 1907 1444 1916 .
1471 1909 1479 1917 .
1503 1909 1512 1918 .

139 1950 232 1992 Non
264 1953 345 1998 est,
378 1950 567 2001 inquam,
600 1962 671 1991 cur
704 1950 859 2001 aliquid
891 1954 1012 2002 putes
1045 1950 1132 1991 eius
1166 1950 1372 1991 adiutorio
1409 1950 1512 2003 fieri,

140 2025 229 2066 sine
269 2037 347 2076 quo
389 2036 471 2064 11011
511 2028 649 2076 potest
688 2022 790 2065 fieri.
853 2024 994 2065 Potest-
1034 2023 1198 2075 quidem
1239 2025 1365 2065 etiam
1412 2025 1512 2065 illud

140 2099 239 2151 dici,
272 2098 360 2140 sine
392 2098 634 2140 liberalibus
667 2098 814 2139 studiis
846 2098 977 2140 veniri
1008 2098 1061 2139 ad
1092 2098 1338 2149 sapientiam
1370 2111 1511 2151 posse:

140 2173 327 2226 quamvis
360 2172 468 2212 enim
500 2172 633 2213 virtus
665 2172 857 2213 discenda
891 2172 962 2222 sit,
1005 2176 1143 2213 tamen
1182 2185 1264 2213 non
1303 2185 1374 2224 per
1415 2174 1513 2215 haec

139 2247 349 2288 discitur.“
417 2247 576 2298 Duplex
614 2247 742 2298 igitur
780 2246 1001 2288 secundum
1035 2245 1231 2287 Senecam
1263 2251 1326 2288 est
1372 2259 1510 2288 neces-

139 2321 251 2362 sitas.
307 2320 550 2362 Necessaria
582 2321 689 2361 enim
722 2325 762 2362 et
794 2332 841 2360 ca
872 2324 983 2372 sunt,
1015 2319 1163 2372 quibus
1195 2320 1250 2372 id,
1284 2321 1392 2372 1111011
1425 2321 1511 2362 effi-

140 2394 329 2435 ciendum
362 2399 441 2447 est,
472 2394 649 2436 efficitur
689 2419 727 2422 --*
767 2397 872 2436 sicut
903 2394 954 2435 ad
978 2394 1171 2436 virtutem
1198 2396 1431 2436 necessaria
1451 2400 1514 2437 est

139 2468 338 2509 correctio
360 2480 534 2520 morum,
558 2482 639 2521 qua
664 2470 794 2510 virtus
818 2468 996 2510 0111011111·
1021 2491 1071 2497 -
1096 2472 1137 2509 01
1159 2481 1218 2519 ea,
1243 2469 1331 2510 sine
1363 2470 1512 2522 quibus

137 2542 242 2584 illud
275 2542 379 2583 effici
411 2543 568 2594 nequit,
601 2556 849 2595 quamquain
873 2555 953 2583 non
986 2543 1036 2583 iis
1067 2543 1170 2594 ipsis
1192 2542 1370 2585 efficitur
1394 2569 1438 2572 ἡ
1466 2548 1513 2585 111

138 2616 292 2657 artium
324 2616 556 2658 liberalium
590 2618 782 2659 studium.
837 2618 899 2657 De
930 2617 1067 2668 priore
1100 2618 1172 2659 illa
1202 2619 1451 2660 necessitate
1477 2620 1513 2660 si

138 2691 317 2743 cogitas,
364 2690 466 2741 „dici
505 2697 643 2743 potest
685 2693 773 2733 sine
817 2691 1061 2733 liberalibus
1102 2692 1252 2733 studiis
1288 2692 1420 2734 veniri
1458 2693 1511 2734 ad
