1888 3170
881 175 1050 213 ...36
1112 195 1165 200 -,

340 286 551 329 Socratem
588 298 776 337 pugnare
813 285 914 326 dicit
951 286 1271 337 temperantiam
1311 288 1352 326 et
1383 285 1710 326 moderationem

340 359 538 401 scientiae
561 359 831 410 antepositas,
864 358 993 410 ipsius
1015 358 1199 400 Socratis
1222 358 1512 410 Xenopliontei
1545 359 1708 409 (comm.

343 438 377 484 1,
396 437 434 483 5,
453 437 477 473 4
496 433 575 484 sq.)
607 433 734 473 verba
765 433 945 483 probant
976 434 1249 484 contrarium;
1281 433 1383 473 haec
1404 433 1512 473 enim
1534 433 1710 485 legimus

339 506 447 559 apud
460 505 794 558 Xenophontem:
810 502 894 558 ἄρά
906 521 954 558 γε
966 501 1019 548 οὐ
1032 503 1110 560 χρὴ
1122 504 1264 548 πάντα
1277 503 1419 559 ἄνδρα
1430 501 1711 560 ἡγησάμενον

337 575 417 632 τὴν
430 574 881 633 ἐγκράτειανᾶρετῆς
898 576 1034 620 εἶναι
1051 582 1278 632 κρηπῖδα
1295 577 1489 632 ταύτην
1503 578 1710 635 πρώτην

338 653 385 694 ἐν
426 655 476 707 τῇ
520 655 637 707 ψυχῇ
684 651 1117 704 κατασκευάσασθαις
1163 656 1226 702 τίς
1269 650 1352 707 γὰρ
1399 651 1506 695 ἄνευ
1552 652 1711 706 ταύτης

337 724 474 780 μάθοι
484 742 524 767 τι
539 722 715 779 ἀγαθόν
726 727 769 778 3¹)
790 728 946 768 Deinde
959 728 1067 780 quod
1083 727 1317 769 Schaberus
1331 729 1419 769 vult.
1432 729 1709 779 cognitionem

336 807 378 844 et
400 802 615 844 scientiam
639 805 752 843 recta
780 814 917 843 rerum
942 801 1182 844 definitione
1202 807 1367 854 partam
1393 802 1538 843 Cebeti
1569 815 1710 854 super-

337 887 562 917 vacaneam
604 876 737 917 visam
779 888 889 927 esse,
934 877 1089 926 nescio,
1132 877 1239 917 unde
1277 876 1354 918 hoc
1392 877 1528 928 colligi
1564 877 1708 928 possit.

336 949 543 1002 Deceptus
565 954 629 991 est
650 950 712 990 vir
734 950 878 991 doctus
900 950 1101 1002 vocabuli,
1124 962 1206 1002 quo
1227 951 1316 1002 ipse
1337 951 1481 1000 utitur,
1520 951 1708 1000 „wissen-

338 1023 583 1065 schaftliche
620 1023 824 1075 Bildung“
873 1024 1160 1075 ambiguitate.
1224 1023 1267 1064 Si
1306 1024 1414 1064 enim
1457 1024 1515 1064 ita
1557 1025 1709 1076 accipis

335 1099 443 1140 hanc
472 1111 632 1149 vocem,
664 1102 711 1139 ut
741 1098 947 1151 significet
978 1112 1067 1140 eam
1100 1098 1387 1149 eruditionem,
1421 1111 1502 1151 qua
1522 1099 1635 1139 vales
1658 1099 1708 1139 ad

338 1173 679 1225 intellegendum,
711 1173 808 1225 quid
840 1178 882 1214 et
911 1174 1034 1225 quale
1065 1173 1120 1214 sit
1146 1173 1200 1223 id,
1233 1173 1283 1214 de
1306 1185 1386 1224 quo
1408 1173 1624 1225 quaeritur
1658 1197 1706 1200 μ

338 1259 428 1288 eam
449 1251 591 1288 autem
613 1248 693 1287 vim
711 1247 820 1299 apud
837 1247 1089 1288 Schaberum
1112 1247 1313 1288 vocabulo
1336 1247 1504 1288 subesse
1525 1247 1710 1288 declarat

334 1332 462 1362 nexus
494 1321 796 1362 sententiarum
830 1344 880 1348 —
915 1333 968 1362 ne
989 1321 1116 1362 verbo
1138 1321 1302 1372 quidem
1328 1321 1457 1363 Cebes
1491 1321 1610 1362 docet
1632 1320 1708 1362 hac

334 1395 565 1437 eruditione
588 1408 692 1447 opus
714 1408 795 1437 non
818 1408 928 1446 esse,
961 1396 1085 1436 immo
1108 1395 1198 1447 ipsa
1221 1408 1286 1437 res
1310 1408 1357 1436 ac
1378 1396 1486 1436 ratio
1507 1395 1707 1447 postulat,

336 1474 382 1510 ut
412 1470 448 1510 is
479 1471 549 1522 qui
581 1473 691 1511 recte
723 1475 765 1511 et
796 1470 955 1521 melius,
987 1482 1110 1522 quam
1142 1469 1233 1510 fieri
1265 1471 1390 1521 solet,
1436 1470 1486 1510 de
1516 1470 1636 1511 bonis
1667 1473 1709 1511 et

334 1544 456 1585 malis
489 1544 589 1586 velit
620 1545 821 1595 iudicare,
855 1557 904 1586 ea
935 1545 999 1585 vel
1032 1545 1211 1585 maxime
1244 1545 1300 1586 sit
1332 1545 1573 1585 instructus.
1635 1544 1705 1585 Sin

332 1622 471 1659 autem
500 1619 924 1669 „wissenschaftliche
946 1619 1154 1670 Bildung“
1187 1619 1448 1670 intellegitur
1469 1619 1705 1660 litterarum

333 1693 520 1744 scientia,
554 1693 659 1734 hanc
691 1694 966 1735 necessariam
999 1705 1082 1735 non
1114 1706 1206 1734 esse
1236 1693 1367 1734 Cebes
1398 1694 1566 1746 exponit
1596 1705 1630 1734 c.
1654 1696 1704 1734 33

332 1779 414 1820 sq.‚
447 1767 518 1809 sed
550 1767 592 1808 in
624 1768 701 1809 hac
732 1780 775 1809 re
807 1781 832 1808 a.
865 1767 1036 1808 Socrate
1067 1780 1150 1808 non
1182 1767 1388 1808 dissentit.
1451 1767 1567 1808 Adde
1597 1767 1706 1820 quod

332 1841 472 1892 Stoici,
495 1854 672 1894 quorum
693 1842 925 1882 doctrinam
948 1840 1181 1882 Schaberus
1209 1843 1264 1893 (p.
1291 1840 1363 1891 46)
1387 1839 1584 1883 Cebetem
1605 1841 1706 1883 dicit

331 1916 567 1968 amplexum
601 1927 704 1966 esse,
737 1916 817 1968 ipsi
849 1927 1012 1967 quoque
1043 1915 1103 1956 ita
1135 1915 1295 1956 Socrati
1328 1915 1627 1966 assentiuntur,
1661 1918 1706 1956 ut

333 1990 538 2041 imprimis
571 1989 745 2030 scientia
766 2001 870 2041 opus
893 2000 983 2030 esse
1006 1989 1058 2030 ad
1080 1989 1289 2040 virtutem,
1322 1989 1387 2029 vel
1410 1989 1549 2041 potius
1571 1989 1704 2040 ipsam

331 2064 530 2105 virtutem
571 2064 787 2104 scientiam
819 2075 908 2104 esse
939 2060 1171 2115 tradant²):
1213 2062 1294 2103 iam
1327 2062 1403 2103 tibi
1434 2062 1704 2114 persuadebis

449 2199 475 2243 ¹)
503 2199 669 2234 Similiter
687 2200 774 2234 Xen.
801 2210 923 2233 comm.
949 2201 982 2243 4,
1000 2201 1031 2242 5,
1049 2201 1070 2232 8
1096 2200 1137 2238 (si
1155 2198 1259 2232 modo
1285 2198 1351 2232 hoc
1368 2202 1475 2241 caput
1491 2198 1704 2241 Xenophon-

329 2257 375 2290 tis
401 2257 611 2300 credimus):
631 2253 781 2289 ''Eomsv
808 2251 884 2299 ἄρ’,
913 2253 1003 2300 ἔφη,
1031 2249 1057 2289 ὦ
1085 2249 1307 2298 Εὐθύδημε,
1334 2250 1484 2298 ἄριστοι·
1515 2250 1703 2301 ἀνθρώπῳ

331 2310 528 2357 ἐγκράτεια
555 2313 668 2357 εἷναι;
696 2310 862 2353 Εἰκότως
887 2310 956 2357 γάρ
973 2340 978 2345 .
995 2340 1002 2347 .
1028 2314 1109 2347 Non
1125 2323 1323 2356 repugnare
1340 2313 1429 2346 hanc
1453 2314 1704 2356 temperantiae

327 2372 606 2405 aestimationem
640 2372 701 2414 iis,
733 2381 822 2414 quae
856 2370 1017 2404 Socrates
1051 2370 1166 2404 docuit
1198 2369 1240 2404 de
1275 2370 1423 2403 scientia
1458 2380 1592 2404 summo
1625 2369 1702 2404 loco

327 2429 491 2471 ponenda
515 2429 673 2462 Zellerus
697 2428 839 2472 exponit
867 2427 993 2462 Gesch.
1020 2427 1049 2461 d.
1076 2427 1140 2462 Ph.
1166 2427 1196 2461 d.
1225 2427 1284 2461 Gr.
1311 2427 1346 2459 II
1373 2429 1403 2470 1,
1431 2428 1495 2461 135
1521 2437 1554 2460 n.
1579 2428 1611 2460 2.

445 2494 474 2539 2)
501 2496 554 2531 Ne
591 2496 708 2531 Aristo
746 2496 883 2539 quidem
931 2500 1036 2538 negat
1074 2495 1237 2529 virtutem
1284 2494 1466 2537 disciplina
1505 2494 1627 2538 parari
1669 2499 1703 2528 et

326 2553 505 2587 scientiam
531 2563 615 2588 esse.
666 2553 717 2588 Cf.
744 2552 867 2587 Galeni
893 2552 1000 2596 Hipp.
1027 2557 1061 2586 et
1086 2552 1176 2585 Plat.
1201 2552 1256 2594 5,5
1282 2562 1316 2593 p.
1342 2553 1429 2593 4683
1456 2553 1529 2595 7,2
1554 2562 1591 2594 p.
1617 2552 1698 2586 595.

328 2610 425 2644 Unus
451 2610 638 2645 Cleanthes
662 2621 731 2645 non
755 2610 790 2644 in
816 2610 976 2654 scientia,
1011 2609 1070 2644 sed
1098 2609 1133 2642 in
1159 2608 1342 2642 voluntate
1368 2608 1512 2643 tradidit
1536 2609 1701 2643 virtutem

325 2668 476 2711 positam
501 2679 586 2703 esse.
