1888 3170
855 195 1138 233 —64—

634 327 675 374 2.
706 327 773 373 De
805 326 1089 374 virtutibus
1123 329 1173 374 et
1204 328 1356 374 vitiis

642 440 679 468 a.
713 428 783 469 De
815 429 984 470 causis
1016 430 1340 470 vitiositatis.

429 513 572 555 Omnis
603 514 798 555 miseriae
836 515 1040 557 humanae
1079 528 1202 557 causa
1240 521 1304 555 est
1335 527 1535 555 venenum
1565 513 1679 562 illud,

316 588 425 640 quod
444 583 602 640 Ἀπάτη
624 588 688 638 iis,
711 589 781 640 qui
803 589 844 629 in
866 589 995 630 vitam
1017 590 1243 641 introeunt,
1266 589 1438 640 praebet
1458 588 1681 629 bibendum

315 663 433 713 (5‚2).
496 662 584 702 Hoc
616 663 723 703 enim
756 663 905 704 hausto
937 663 983 704 fit
1013 670 1060 705 ut
1091 676 1152 715 ea,
1184 676 1288 716 quae
1320 675 1401 704 non
1432 664 1540 704 bona
1570 668 1681 713 sunt,

313 736 421 776 bona
450 737 690 777 existiment
721 742 761 777 et
793 749 856 788 ea,
889 749 993 790 quae
1015 739 1122 778 mala
1142 750 1224 779 non
1246 742 1354 788 sunt,
1387 737 1495 778 mala
1527 735 1680 788 (25‚2);

313 823 393 863 quo
425 822 565 851 errore
584 822 657 863 per
679 815 807 852 totam
830 811 956 852 vitam
978 811 1164 853 homines
1196 812 1474 853 sollicitantur
1505 815 1546 852 et
1576 810 1683 851 affli-

312 888 469 935 guntur
502 883 654 937 (40‚1).

427 958 550 999 Haud
582 958 655 999 abs
675 970 720 999 re
741 959 903 1001 videtur
926 961 969 1001 in
990 955 1156 1012 ἀπάτης
1176 961 1406 1012 notionem,
1439 972 1543 1012 quae
1564 960 1619 1001 sit
1639 960 1682 1000 in

313 1032 483 1082 Tabula⁷
500 1033 622 1084 paulo
640 1033 879 1085 diligentius
896 1034 1116 1085 inquirere.
1148 1035 1286 1086 Atque
1303 1029 1443 1086 ἀπάτη
1466 1046 1548 1075 non
1570 1034 1682 1074 fraus

313 1110 376 1147 est
417 1117 491 1158 per
530 1107 657 1147 alium
697 1120 943 1160 quemquam
987 1107 1155 1159 effecta,
1197 1109 1270 1150 sed
1311 1120 1426 1149 error
1466 1120 1516 1148 ex
1552 1108 1682 1159 ipsius

311 1179 490 1221 hominis
531 1182 668 1223 animo
704 1186 904 1234 tanquam
945 1182 1082 1223 divino
1122 1183 1288 1223 numine
1319 1186 1488 1223 auctore
1520 1185 1683 1222 coortus

312 1254 550 1307 hominique
581 1255 750 1298 innatus
763 1255 813 1308 ¹),
855 1257 915 1298 ita
944 1261 991 1297 ut
1022 1257 1267 1298 vocabulum
1307 1256 1415 1308 quod
1447 1260 1511 1297 est
1541 1250 1682 1306 ἀπάτη

312 1328 422 1369 haud
452 1330 575 1381 longe
605 1330 767 1371 diversa
788 1329 1089 1383 significatione
1110 1330 1358 1371 adhibeatur
1379 1334 1505 1382 atque
1526 1325 1684 1382 ἄγνοια

312 1403 375 1443 vel
406 1400 583 1452 πλάνος.
630 1404 710 1445 Hic
740 1410 881 1446 autem
911 1417 1011 1446 usus
1042 1405 1151 1456 apud
1180 1404 1432 1446 recentiores
1464 1404 1685 1455 scriptores

311 1482 376 1518 est
407 1477 782 1530 frequentissimus⁷
815 1492 906 1520 cum
939 1478 1047 1531 apud
1079 1491 1149 1520 eos
1181 1480 1249 1530 qui
1280 1478 1448 1519 fuerunt
1471 1483 1567 1519 ante
1590 1477 1681 1518 Chr.

312 1562 350 1590 n.
384 1551 541 1593 nullum
574 1553 675 1594 mihi
707 1554 929 1604 contigerit
961 1558 1005 1593 ut
1038 1554 1266 1594 invenirem
1300 1553 1531 1605 exemplum
1543 1551 1588 1604 2).

429 1625 657 1677 Venenum,
691 1639 770 1679 quo
791 1627 979 1668 homines
1011 1628 1267 1677 iilibuuntur,
1301 1627 1542 1678 designatur
1564 1639 1683 1668 voca-

312 1699 419 1741 bulis
444 1696 610 1748 πλάνος
629 1704 670 1740 et
690 1696 849 1753 ἄγνοια
871 1703 975 1752 (5,3;
1001 1704 1085 1751 6,3;
1117 1702 1242 1752 ]9,5).
1294 1701 1552 1742 Vocabulum
1575 1701 1683 1753 quod

313 1777 377 1814 est
400 1770 566 1822 πλάνος
586 1774 818 1816 Drosihnus
840 1788 877 1826 p.
905 1779 956 1816 38
983 1780 1094 1816 recte
1115 1780 1254 1815 monet
1276 1775 1457 1827 quinque
1487 1775 1538 1815 iis
1570 1775 1683 1825 locis,

312 1883 365 1924 εἰς
398 1886 514 1928 γῆρας
548 1879 790 1930 ἀναλάμβανε
825 1886 976 1929 σοφίαν.
1024 1885 1232 1919 Aristoteles
1266 1885 1360 1928 apud
1392 1885 1538 1919 eundem
1565 1885 1596 1919 V
1621 1887 1684 1918 21:

312 1938 506 1975 κάλλιστον
533 1937 692 1986 ἐφόδιον
717 1943 766 1988 τῷ
792 1938 888 1989 γήρᾳ
912 1938 979 1986 τὴν
1013 1942 1192 1975 παιδείαν
1226 1939 1338 1985 ἔλεγε.
1388 1942 1534 1976 Demon.
1560 1943 1603 1978 fr.
1630 1944 1685 1985 77,

311 1999 412 2032 Mull.
440 1998 475 2031 II
501 2009 535 2041 p.
554 2000 636 2032 352:
662 2000 744 2032 τίνα
771 1997 812 2032 δὲ
837 1998 901 2033 καὶ
920 1995 1058 2043 ἐφόδια
1079 1996 1172 2042 ἔχων
1190 2025 1197 2032 .
1217 2026 1224 2033 .
1245 2024 1251 2031 .
1278 1994 1318 2032 ἐκ
1342 1999 1494 2037 παιδιᾶς
1512 1997 1564 2037 εἰς
1581 2001 1685 2042 φιλο-

313 2057 452 2099 σοφίαν
486 2050 602 2099 ἤκεις.
650 2057 718 2090 Ex.
744 2068 806 2092 ms.
842 2057 919 2091 fior.
953 2057 1009 2091 Jo.
1035 2057 1175 2091 Damas.
1201 2057 1306 2090 Mein.
1338 2056 1433 2090 Stob.
1459 2056 1508 2090 IV
1540 2067 1574 2099 p.
1599 2058 1684 2090 203:

313 2109 499 2152 Πιττακὸς
526 2110 774 2158 συνεβούλευε
800 2109 893 2157 πρὸς
916 2109 958 2147 τὸ
986 2114 1102 2157 γῆρας
1128 2109 1266 2157 ἐφόδια
1293 2114 1575 2155 παρατίθεσθαι
1600 2126 1685 2146 παι-

312 2170 436 2212 δειάν;
468 2170 548 2205 ibid.
574 2182 607 2214 p.
632 2172 716 2205 226:
746 2165 970 2214 Ἀρίστιππος
1000 2167 1271 2213 παρεκελεύετο
1304 2174 1381 2209 τοῖς
1405 2168 1506 2209 νέοις
1529 2170 1685 2204 τοιαῦτα

314 2223 453 2271 ἐφόδια
479 2229 652 2271 κτᾶσθαι,
678 2223 786 2262 ἅτινα
812 2223 942 2268 αὐτοῖς
966 2227 1030 2261 καὶ
1055 2224 1289 2271 ναυαγήσασι
1314 2224 1663 2272 συνεκκολνμβήσει.

428 2285 455 2329 ¹)
482 2286 531 2320 Cf.
557 2285 712 2320 Schmidt
746 2286 859 2320 Ethik
885 2286 915 2320 d.
949 2286 1009 2321 alt.
1045 2286 1104 2320 Gr.
1130 2285 1147 2318 Ι
1170 2287 1237 2319 250
1248 2296 1297 2328 sq.
1347 2285 1444 2328 Quod
1469 2285 1511 2319 de
1545 2285 1686 2327 pictura

312 2342 450 2385 Apellis
476 2342 619 2385 exponit
646 2342 879 2387 Schmidtius‚
912 2343 1003 2377 idem
1029 2343 1070 2377 de
1093 2342 1251 2386 Fraude,
1287 2352 1377 2386 quae
1401 2348 1453 2376 est
1477 2342 1511 2375 in
1538 2341 1686 2385 Tabula,

312 2399 430 2433 valere
454 2400 538 2433 mihi
563 2400 710 2435 videtur.

429 2456 455 2499 2)
482 2456 537 2490 Ex
573 2458 805 2492 recentiorum
844 2459 1009 2502 operibus
1045 2458 1132 2492 haec
1171 2458 1343 2500 congessi:
1379 2457 1447 2491 Dio
1484 2457 1606 2502 Chrys.
1643 2456 1686 2490 de

312 2524 411 2555 regn,
438 2516 459 2546 4
487 2525 519 2557 p.
546 2516 591 2547 80
616 2515 739 2557 Dind.;
766 2525 817 2548 or.
845 2517 898 2551 31,
924 2526 957 2558 p.
984 2516 1068 2558 3563
1094 2526 1143 2549 or.
1161 2517 1216 2558 68,
1241 2526 1274 2558 p.
1294 2517 1376 2557 2323
1403 2525 1452 2548 or.
1473 2517 1528 2558 70,
1553 2515 1685 2557 p.240;

312 2570 394 2603 Luc.
416 2570 518 2605 Char.
538 2582 571 2614 p.
591 2573 655 2605 219
674 2571 765 2614 Jac.;
792 2572 884 2606 Plut.
904 2584 1018 2616 quom.
1036 2572 1128 2607 adul.
1146 2576 1239 2615 poet.
1260 2572 1337 2605 aud.
1356 2572 1430 2606 del».
1451 2572 1539 2614 i7b3
1567 2581 1683 2614 quom.

313 2627 445 2661 adulat.
471 2628 526 2661 ab.
553 2629 651 2662 amic.
678 2629 801 2662 iutern.
827 2630 920 2672 49b;
947 2630 1039 2663 Plut.
1072 2630 1175 2664 Stoic.
1201 2640 1276 2672 rep.
1301 2631 1362 2672 473
1397 2629 1438 2662 de
1464 2640 1585 2663 comm.
1612 2633 1684 2663 not.

312 2685 406 2727 25‚5;
434 2683 538 2719 Stoic.
564 2685 628 2719 ecl.
655 2686 725 2720 eth.
754 2688 829 2720 183.
