1888 3170
848 208 899 212 —
969 190 1044 226 100
1106 209 1156 214 -

433 301 510 342 His
541 300 830 351 allegoriarum
859 303 901 340 et
921 300 1311 352 prosopopoeiarum
1344 299 1539 351 exemplis
1571 298 1688 349 adde,

320 376 428 429 quod
458 375 546 426 ipse
578 373 657 414 Dio
690 385 747 413 or.
775 377 801 414 4
831 386 870 425 p.
896 376 946 414 79
979 374 1029 414 de
1057 373 1193 414 studio
1216 385 1290 414 suo
1321 373 1522 423 imagines
1553 372 1690 413 verbis

318 447 659 501 repraesentandi
689 446 926 488 confitetur:
960 446 1064 500 φέρε
1096 439 1199 499 οὖν,
1231 443 1431 498 καθάπερ
1461 447 1506 486 οἱ
1527 443 1689 497 κομψοὶ

318 524 407 563 τῶν
431 522 717 574 δημιουργῶν
739 519 807 561 ἐπὶ
828 518 970 561 πάντα
992 522 1184 574 ἔμβραχυ
1216 520 1401 574 φέρουσι
1432 514 1512 573 τὴν
1544 514 1691 560 αὑτῶν

319 595 518 637 ἐπίνοιαν
550 593 622 635 καὶ
653 593 831 646 τέχνην,
871 589 924 635 οὐ
962 591 1103 647 μόνον
1141 590 1216 643 τὰς
1252 595 1341 634 τῶν
1379 595 1499 634 θεῶν
1536 588 1690 644 ἀπομι-

319 666 532 722 μούμενοι
570 665 724 721 φύσεις
761 663 1064 720 ἀνθρωπίνοις
1104 670 1287 719 εἴδεσιν,
1334 662 1441 708 ἀλλὰ
1485 665 1556 707 καὶ
1601 668 1691 707 τῶν

319 739 461 783 ἄλλων
503 736 956 783 ἕκαστον...οὐκοῦν
1002 740 1074 782 καὶ
1116 736 1233 795 ἡμεῖς
1269 737 1325 794 μὴ
1370 743 1542 793 χείρους
1583 737 1693 793 μηδὲ

319 813 581 870 φαυλότεροι
611 813 709 867 περὶ
739 810 843 863 τούς
864 812 1024 868 λόγους
1055 817 1266 868 φανῶμεν
1288 811 1395 868 ἤπερ
1417 814 1574 856 ἐκεῖνοι
1594 812 1692 865 περὶ

318 885 393 938 τὰς
424 884 573 931 αὐτῶν
604 888 754 942 τέχνας
784 890 843 944 τῷ
876 887 1081 929 πλάττειν
1112 887 1184 929 καὶ
1205 884 1457 942 ἀφομοιοῦν
1475 921 1484 929 .
1501 919 1509 927 .
1531 922 1538 930 .
1558 883 1691 929 οὐδὲν

317 959 402 1017 γὰρ
433 960 631 1017 ἄσχημον
664 957 767 1004 οὐδὲ
805 957 1046 1016 νεμεσητὸν
1077 961 1149 1003 καὶ
1179 970 1379 1015 ποιηταῖς
1416 964 1691 1015 παραβαλλο-

317 1037 477 1091 μένους
503 1035 575 1078 καὶ
607 1035 894 1090 χειροτέχναις
925 1035 997 1077 καὶ
1027 1041 1267 1088 καθαρταῖς
1299 1031 1504 1089 ὁρᾶσθαι,
1536 1037 1575 1077 εἰ
1597 1035 1690 1077 δέοι

318 1109 524 1153 σπεύδειν
532 1108 810 1165 πανταχόθεν
819 1108 991 1159 εἰκόνας
1001 1109 1072 1151 καὶ
1081 1112 1409 1164 παραδείγματα
1418 1112 1689 1162 πορίζοντας,

320 1182 376 1227 ἅν
397 1201 485 1235 πως
508 1182 755 1239 ἰσχύσωμεν
778 1181 1020 1237 ἀποτρέψαι
1041 1187 1192 1233 κακίας
1213 1184 1284 1226 καὶ
1307 1181 1471 1238 ἀπάτης
1490 1217 1497 1225 .
1520 1219 1524 1224 .
1547 1198 1576 1225 .;
1608 1185 1691 1225 iani

319 1272 442 1313 quam
475 1264 565 1301 arta
596 1260 666 1301 ille
697 1260 740 1300 in
770 1260 845 1300 hac
866 1272 911 1300 re
933 1271 1023 1300 cum
1047 1259 1198 1300 Cebete
1228 1261 1425 1312 iungatur
1447 1260 1692 1312 cognatione

319 1340 360 1376 et
380 1347 504 1386 quam
528 1338 652 1385 recte,
676 1334 724 1374 de
742 1333 899 1375 Tabula
915 1334 986 1374 ubi
1007 1335 1196 1386 quaestio
1219 1334 1466 1384 instituitur,
1490 1333 1539 1374 de
1560 1334 1693 1374 Dione

319 1413 550 1454 moneatur,
582 1407 818 1460 perspicies.
869 1408 1101 1450 Gronovius
1133 1408 1297 1460 quidem
1330 1407 1535 1449 Tabulam
1571 1408 1692 1449 Dioni

320 1481 613 1534 Chrysostomo
644 1487 741 1523 ante
775 1483 911 1523 oculos
943 1482 1070 1523 fuisse
1103 1483 1335 1533 suspicatus
1366 1485 1448 1525 est..
1481 1493 1613 1533 neque
1643 1481 1693 1522 de

319 1557 384 1606 iis,
418 1568 523 1608 quae
555 1569 679 1608 supra
711 1557 759 1597 de
784 1557 999 1608 utriusque
1020 1557 1252 1597 imitatione
1275 1556 1499 1597 Prodiceae
1530 1556 1693 1596 fabulae

320 1631 634 1683 disputavimus,
668 1632 702 1672 si
735 1632 885 1683 cogit0,
918 1631 1039 1672 aliter
1071 1630 1339 1672 statuendum
1370 1642 1458 1671 esse
1480 1630 1580 1671 mihi
1601 1642 1693 1682 per-

320 1705 486 1746 suadeo.
550 1705 667 1755 Quod
707 1705 816 1745 enim
860 1705 1136 1755 Drosihnus1)
1178 1708 1271 1756 post
1312 1704 1485 1744 Dionem
1530 1704 1693 1745 Pinacis

321 1783 530 1820 auctorem
570 1778 696 1820 fuisse
729 1778 952 1825 existimat,
985 1778 1087 1819 haec
1119 1778 1325 1818 sententia
1363 1790 1443 1829 quo
1476 1777 1692 1819 confirma-

319 1857 433 1894 retur
476 1865 618 1893 omnes
651 1853 795 1893 Dionis
838 1853 1045 1894 orationes
1083 1864 1327 1903 percurrens
1367 1853 1524 1893 nullum
1555 1853 1693 1893 inveni

321 1933 624 1979 argumentum.
686 1927 791 1967 Nam
838 1939 917 1978 qua
957 1939 1001 1966 re
1045 1927 1095 1966 ob
1135 1938 1246 1977 eain,
1292 1939 1397 1978 quae
1437 1927 1478 1967 in
1520 1926 1693 1979 duplicis

323 2039 374 2072 sic
400 2038 494 2081 apud
521 2038 669 2072 Dionem
688 2038 832 2073 Herculi
858 2048 879 2072 a
897 2039 1082 2081 Mercurio,
1108 2038 1188 2081 quid
1214 2037 1293 2071 illae
1311 2038 1472 2073 mulieres
1489 2039 1694 2084 significent,

320 2095 534 2139 explicatur,
568 2105 653 2138 non,
688 2100 727 2128 ut
761 2096 856 2138 apud
881 2095 1167 2138 Xenophontem,
1205 2094 1375 2128 Hercules
1409 2105 1486 2128 cum
1510 2096 1595 2139 ipsis
1620 2096 1693 2130 illis

323 2151 462 2186 feminis
479 2152 684 2196 colloquens
703 2152 894 2194 inducitur;
921 2163 990 2195 quo
1009 2152 1059 2195 fit,
1085 2155 1122 2184 ut
1139 2151 1472 2193 interrogationibus
1490 2157 1525 2186 et
1548 2163 1691 2196 respon-

320 2208 476 2243 sionibus
511 2209 769 2243 alternantibus
804 2210 927 2243 Dionis
961 2210 1029 2243 loci
1056 2209 1197 2253 quidam
1222 2208 1381 2242 Tabulae
1406 2209 1476 2243 sint
1509 2209 1692 2252 simillimi3

319 2265 352 2299 id
379 2266 471 2309 quod
498 2267 645 2300 maxime
671 2267 712 2300 de
739 2277 779 2301 eo
804 2267 880 2301 loco
907 2267 1009 2311 valet,
1036 2267 1092 2310 qui
1119 2272 1170 2300 est
1195 2277 1228 2309 p.
1248 2267 1300 2307 16,
1329 2268 1370 2299 10
1383 2276 1434 2309 sq.
1461 2267 1517 2308 (cf.
1534 2267 1621 2301 Tab.
1641 2270 1694 2309 10,

321 2325 432 2366 2sq.).
481 2324 546 2358 Sed
572 2325 638 2359 hoc
662 2336 730 2359 non
756 2325 892 2360 Cebetis
919 2326 1129 2368 imitatione,
1163 2325 1220 2358 sed
1245 2325 1322 2367 ipsa
1353 2324 1512 2367 imaginis
1536 2335 1556 2358 a
1580 2323 1693 2358 Dione

322 2381 458 2423 positae
483 2382 736 2425 compositione
760 2383 842 2415 mihi
862 2383 999 2416 videtur
1018 2381 1176 2416 effectum
1204 2391 1296 2423 esse;
1323 2381 1450 2414 etenim
1468 2380 1560 2424 apud
1578 2381 1693 2414 Xeno-

322 2437 490 2479 phontem
515 2438 598 2471 illae
623 2438 787 2472 mulieres
805 2439 951 2473 Herculi
975 2438 1068 2472 ultro
1094 2448 1130 2472 se
1156 2437 1340 2471 offerentes
1363 2437 1471 2481 ipsae,
1498 2447 1588 2480 quae
1613 2437 1693 2479 sint,

322 2493 499 2536 explicare
524 2501 679 2537 possunt.
730 2496 833 2538 Apud
860 2496 1008 2529 Dionem
1045 2505 1123 2528 cum
1155 2494 1237 2528 illae
1271 2495 1307 2528 in
1344 2495 1485 2528 summis
1518 2494 1693 2528 montibus

322 2550 390 2583 sint
415 2550 616 2595 collocatae,
643 2552 712 2585 alia
736 2552 826 2586 ratio
853 2552 1113 2595 interpretandi
1148 2562 1217 2585 non
1243 2557 1336 2595 erat,
1371 2561 1475 2595 quam
1501 2558 1540 2585 ut
1565 2561 1690 2585 novam

323 2618 504 2650 personam
533 2609 597 2642 Dio
622 2609 809 2645 induceret.
837 2620 925 2653 quae
950 2609 1036 2643 illud
1062 2609 1235 2651 negotium
1262 2609 1405 2643 subiret.

437 2676 464 2721 ¹¹)
492 2678 534 2711 cf.
561 2678 614 2710 die
638 2679 715 2711 Zeit
742 2678 801 2712 des
828 2679 949 2719 Πίναξ
976 2675 1065 2722 Κέβ.
1094 2688 1126 2720 p.
1156 2679 1211 2720 143
1246 2678 1327 2711 edit.
1353 2677 1438 2710 Tab.
1464 2677 1575 2720 praef.
1600 2688 1634 2720 p.
1660 2679 1691 2711 3.
