1888 3170
689 186 995 224 ——119—

153 301 265 340 recte
308 298 542 339 Drohsinus
586 297 883 339 animadvertit
926 296 1123 338 adhibere
1170 290 1525 349 ἀλεξιφάρμακον

152 372 216 414 vel
247 366 543 426 ἀλεξητήριον.

267 440 668 499 ἀπεγνωσμένος
692 445 826 497 (27,3)
844 445 1022 487 occurrit
1038 446 1149 497 apud
1168 444 1407 495 Diodorum,
1433 444 1524 485 Plu-

152 519 354 570 tarchum,
387 520 676 566 Lucianum1).

267 588 587 647 ἀπεριέργως
609 595 742 646 (21,3)
766 594 974 635 Adverbio
997 594 1167 646 Dionys.
1194 593 1343 644 Halic.,
1376 592 1526 634 Sextus

153 667 407 719 Empiricus,
446 668 644 709 Aelianus
682 668 746 709 usi
783 673 892 709 sunt.
961 667 1221 708 Adiectivum
1267 662 1525 719 ἀπερίεργος

152 740 251 782 item
283 743 526 784 recentioris
558 742 710 784 aetatis
741 748 825 793 est;
860 743 1071 784 invenitur
1103 742 1213 795 apud
1240 741 1522 782 Plutarchum.

267 810 693 868 ἄπροβούλευτος
714 815 833 869 (SA).
887 817 1140 858 Adverbium
1162 811 1526 868 ἀπροβουλεύτως

152 890 262 941 apud
288 889 502 932 Platonem
536 891 615 942 leg.
650 890 780 931 866d.
815 891 1001 942 obvenit,
1034 890 1284 931 adiectivum
1315 900 1396 930 non
1427 891 1526 929 ante

152 964 420 1006 Aristotelem
461 965 600 1016 (ethic.
643 965 803 1006 Nicom.
850 968 952 1005 1151
973 977 1015 1014 a,
1064 962 1244 1016 1135b);
1285 975 1309 1004 a
1348 974 1428 1015 quo
1465 962 1525 1003 ita

151 1039 363 1091 discrepat
396 1039 544 1091 Cebes,
584 1044 628 1080 ut
661 1039 736 1081 hoc
769 1039 969 1081 vocabulo
1006 1050 1089 1079 non
1121 1039 1311 1089 designet
1341 1047 1524 1077 momen-

150 1118 320 1155 taneum
370 1115 577 1167 quendam
619 1115 747 1155 animi
791 1119 968 1165 statum,
1022 1114 1091 1155 sed
1140 1113 1383 1165 qualitatem
1433 1122 1524 1163 per-

149 1192 331 1240 petuam.
346 1187 382 1242 ²)

265 1258 565 1316 ἀτρύφερος
589 1264 722 1315 (20,2)
741 1276 789 1305 ex
807 1263 1010 1315 Eupolide
1028 1261 1150 1304 affert
1171 1261 1333 1303 Suidas.
1366 1259 1523 1302 Occur-

151 1337 205 1377 rit
236 1337 343 1389 apud
375 1338 557 1379 Teletem
589 1337 721 1389 (Stob.
755 1339 819 1379 tit.
854 1341 891 1388 5,
912 1341 983 1386 673
1016 1350 1055 1389 p.
1094 1339 1171 1377 123
1204 1334 1363 1385 Mein.).

264 1408 461 1463 βουνός
484 1413 629 1464 (15,3).
685 1413 745 1453 De
774 1412 850 1453 hoc
871 1412 1070 1454 vocabulo
1093 1410 1144 1451 cf.
1167 1409 1346 1452 Lobeck.
1371 1407 1523 1460 Phryn.

149 1499 187 1538 p.
222 1489 317 1527 355.
376 1487 440 1528 Ab
472 1487 612 1529 atticis
643 1499 793 1539 prosae
824 1487 1026 1528 orationis
1057 1484 1330 1537 scriptoribus
1361 1477 1526 1534 βουνός

152 1561 334 1602 alienum
357 1565 432 1603 est.
480 1561 752 1604 Recentiores
774 1561 868 1603 inde
887 1574 910 1602 a
932 1561 1093 1613 Polybii
1117 1562 1257 1601 aetate
1290 1557 1455 1610 saepius
1477 1566 1525 1597 eo

150 1636 213 1677 usi
245 1640 356 1678 sunt.

266 1711 623 1764 δικαιοπραγῶ
657 1710 791 1764 (41,2)
818 1711 870 1752 ab
893 1709 1121 1752 Aristotele
1142 1708 1306 1750 videtur
1337 1718 1429 1748 esse
1459 1705 1523 1746 in-

152 1790 340 1835 ventum,
382 1788 428 1826 ut
459 1785 501 1825 id
532 1786 640 1826 iuste
677 1785 827 1836 agendi
868 1796 999 1836 genus
1031 1782 1308 1836 significaret,
1339 1780 1448 1832 quod
1478 1778 1526 1819 fit

149 1860 281 1900 libero
303 1860 407 1909 eius,
439 1860 509 1910 qui
531 1859 632 1910 agit,
657 1858 853 1909 arbitri03
886 1857 936 1899 cf.
961 1857 1084 1898 ethic.
1109 1856 1267 1897 Niconi.
1297 1867 1336 1906 p.
1365 1856 1521 1895 1135a:

150 1929 293 1974 ὄντων
337 1930 384 1973 δὲ
429 1934 519 1974 τῶν
568 1933 752 1973 δικαίων
800 1930 872 1972 καὶ
917 1926 1084 1972 ἀδίκων
1126 1931 1216 1971 τῶν
1267 1926 1524 1981 εἰρημένων,

275 2106 301 2149 1)
326 2105 454 2140 Nescio
479 2115 523 2140 an
550 2105 585 2138 id
603 2115 672 2139 non
691 2104 806 2147 magni
826 2104 871 2138 sit
887 2104 1064 2147 ponderis,
1090 2102 1182 2145 quod
1200 2100 1293 2144 apud
1312 2100 1525 2144 posteriores

151 2164 262 2198 solum
280 2163 368 2197 haec
386 2162 499 2196 forma
522 2161 709 2196 invenitur.
748 2160 856 2195 Verbi
876 2160 967 2194 enim
993 2159 1098 2193 huius
1115 2159 1266 2192 ¹,ictivum
1285 2156 1404 2190 eadem
1421 2154 1525 2198 signi-

149 2219 311 2254 ficatione
338 2218 554 2262 adhibitum,
586 2223 625 2252 ut
651 2218 697 2252 sit
725 2217 967 2261 „despe1·a1·e“‚
1002 2215 1046 2250 ab
1078 2216 1208 2258 optima
1234 2213 1431 2248 Graecitate
1455 2221 1524 2246 non

150 2283 202 2311 est
227 2276 389 2311 alienum.
438 2275 610 2319 Quocirca
644 2275 764 2309 dubito
797 2285 840 2308 an
873 2285 954 2309 casu
985 2277 1116 2308 factum
1149 2273 1213 2315 sit,
1246 2276 1283 2305 ut
1309 2269 1434 2313 partic.
1460 2267 1526 2312 pft.

152 2344 245 2377 pass.
266 2334 300 2367 in
319 2334 379 2376 eis,
404 2343 493 2376 quae
512 2333 557 2367 ad
575 2344 637 2367 nos
654 2337 934 2376 permanserunt,
962 2337 1117 2365 veterum
1136 2329 1276 2372 scriptis
1300 2337 1369 2362 non
1394 2325 1525 2360 inveni-

150 2398 247 2426 retur
273 2391 340 2424 nisi
365 2390 460 2434 apud
484 2391 706 2425 recentiores.

269 2445 295 2490 ²)
323 2447 517 2482 Secundum
545 2448 748 2482 Aristotelis
771 2447 940 2481 rationem
958 2446 1025 2480 hoc
1041 2444 1212 2479 vocabulo
1229 2442 1389 2477 adhibito
1407 2448 1525 2474 omnes

151 2499 454 2549 ἄπροβούλευτοι
479 2505 614 2548 (oppos.
639 2499 1023 2549 προβουλευσάμενοι)
1049 2513 1179 2544 sumus,
1204 2510 1281 2535 cum
1308 2508 1348 2532 ea
1364 2496 1526 2538 facimus,

153 2561 196 2596 de
223 2562 350 2604 quibus
375 2566 478 2595 antea
502 2571 571 2595 non
595 2561 877 2596 consultavinius.
928 2559 1065 2594 Cebetis
1089 2564 1206 2593 autem
1226 2550 1524 2600 οἷπροβούλευτοι

152 2618 311 2651 homines
336 2623 417 2651 suut
443 2624 569 2651 natura
595 2618 726 2651 incauti
752 2623 787 2650 et
804 2616 1001 2660 improvidi.
1051 2615 1157 2659 Apud
1177 2614 1399 2649 Aristotelem
1425 2613 1524 2647 abest

149 2675 386 2727 repreliensio,
410 2674 505 2718 apud
531 2675 690 2710 Cebetem
717 2685 786 2709 non
812 2675 871 2710 ita.
