1888 3170
843 151 1122 188 —24-

299 262 482 303 auctoris
518 261 735 302 sententiis
777 264 819 302 et
857 264 998 303 aetate
1037 274 1133 304 mox
1171 263 1418 315 videbimus,
1459 277 1484 305 a
1516 264 1667 318 Cynico

298 336 368 377 1110
400 335 510 376 haud
542 335 666 376 nimis
698 334 946 387 discrepent,
979 335 1022 377 id
1042 340 1183 378 tamen
1214 337 1311 378 licet
1332 350 1531 390 asserere,
1564 350 1668 391 quae

299 411 349 451 de
381 409 534 462 Cynico
567 408 719 450 Cebete
750 413 962 461 comperta
992 410 1210 462 habemus,
1244 424 1292 453 ea
1328 412 1525 464 pauciora
1563 425 1667 463 esse,

298 496 421 536 quam
453 488 499 525 ut
530 483 590 524 illi
610 482 748 534 potius
771 495 894 535 quam
925 483 995 525 alii
1028 486 1190 527 cuidam
1213 484 1368 537 Cebeti,
1402 486 1452 527 de
1473 498 1552 538 quo
1575 487 1670 528 silet

298 562 513 601 auctorum
544 558 754 608 memoria,
787 557 991 600 Tabulam
1020 559 1144 601 liceat
1174 560 1425 602 adscribere.

299 783 379 836 II.
415 783 498 836 De
536 781 1047 848 philosophorum,
1084 796 1234 848 quae
1269 784 1497 837 Tabula
1535 798 1671 838 con-

654 869 943 933 tinentur,
981 871 1313 925 sententiis

413 981 574 1022 Tabula
604 982 792 1033 quamvis
825 983 977 1024 cursim
1009 983 1192 1035 perlecta
1212 994 1332 1023 nemo
1357 994 1439 1024 non
1470 982 1548 1023 hoc
1578 994 1672 1034 per-

300 1068 467 1097 suasum
497 1056 690 1107 habebit,
734 1060 946 1098 auctorem
990 1069 1072 1098 non
1117 1057 1157 1097 id
1198 1069 1338 1108 agere,
1384 1060 1430 1097 ut
1470 1056 1519 1097 de
1550 1056 1673 1098 rebus

298 1130 554 1183 philosophis
585 1133 747 1173 ratione
779 1143 828 1172 ac
859 1131 925 1172 via
963 1131 1165 1183 disceptet
1205 1134 1280 1173 aut
1319 1131 1424 1172 hanc
1456 1131 1519 1171 vel
1558 1131 1672 1172 illam

298 1205 635 1257 philosophorum
668 1205 871 1246 familiam
893 1218 992 1246 vera
1015 1205 1160 1247 docere
1191 1206 1355 1247 evincat
1380 1205 1550 1258 eiusque
1575 1205 1674 1257 dog-

299 1284 413 1322 mata
443 1293 468 1322 a
499 1284 731 1322 ceterorum
753 1280 1074 1332 reprehensione
1095 1279 1304 1331 defendat,
1336 1281 1407 1322 sed
1438 1284 1485 1322 ut
1516 1280 1565 1322 de
1585 1281 1675 1322 vita

299 1360 413 1397 recte
437 1355 695 1397 instituenda
719 1358 899 1407 exponat
921 1354 1230 1396 accommodate
1251 1355 1302 1395 ad
1325 1366 1583 1396 communem
1614 1355 1677 1396 in-

299 1430 587 1482 tellegentiam
618 1441 838 1482 moresque
876 1429 1049 1470 excolat.
1113 1429 1174 1469 De
1211 1429 1275 1469 his
1314 1432 1451 1470 autem
1489 1429 1676 1482 quisquis

299 1516 383 1545 non
405 1504 639 1545 hominibus
662 1503 1006 1556 philosophorum
1029 1503 1219 1544 doctrina
1241 1503 1425 1554 imbutis,
1453 1503 1525 1544 sed
1547 1503 1674 1545 cuivis

299 1579 511 1620 hominum
542 1579 687 1630 generi
718 1582 765 1620 ut
795 1578 995 1620 scriberet
1018 1578 1098 1619 sibi
1118 1578 1348 1630 proposuit,
1381 1590 1474 1619 eum
1505 1590 1676 1620 consen—

300 1658 470 1695 taneum
503 1656 568 1694 est
600 1653 764 1694 omissis
796 1652 1050 1694 familiarum
1075 1652 1368 1694 controversiis
1401 1664 1483 1694 non
1514 1653 1585 1694 uni
1616 1653 1675 1694 ita

301 1740 344 1769 se
376 1728 581 1777 addicere,
614 1732 660 1769 ut
691 1731 850 1769 ceteras
883 1739 1024 1769 01111103
1056 1740 1081 1768 a
1113 1739 1156 1769 se
1187 1727 1345 1778 reiciat,
1379 1727 1451 1769 sed
1482 1727 1676 1780 undique,

300 1814 406 1854 quae
437 1802 498 1843 illi
530 1802 668 1844 studio
699 1802 795 1843 usui
816 1805 926 1853 sunt,
959 1813 1182 1843 assumere.
1233 1801 1279 1843 Id
1312 1802 1420 1853 quod
1442 1801 1678 1843 illustratur

301 1876 588 1929 philosophiae
629 1876 739 1929 apud
783 1875 963 1918 Graecos
1007 1876 1194 1917 historia.
1258 1876 1347 1926 Quo
1393 1876 1502 1917 enim
1543 1877 1677 1929 magis

301 1951 456 1993 nonin
486 1952 663 1992 veritate
702 1951 976 2002 exploranda,
1021 1950 1093 1992 sed
1132 1950 1175 1990 in
1215 1950 1401 1991 moribus
1444 1951 1677 1992 excolendis

302 2037 470 2078 operam
504 2025 766 2067 collocabant
795 2024 1032 2077 philosophi
1064 2024 1232 2073 Graeci,
1266 2036 1313 2065 00
1344 2024 1478 2076 magis
1509 2025 1676 2067 eclecti-

302 2101 442 2151 cismo,
474 2101 544 2154 qui
575 2104 759 2150 vocatur,
791 2099 856 2140 usi
887 2111 937 2140 ex
959 2099 1216 2140 diversarum
1237 2102 1445 2140 sectarum
1477 2099 1677 2141 doctrinis

302 2192 409 2232 quae
440 2175 673 2228 probabilia
703 2174 953 2216 videbantur
989 2185 1214 2225 congerere
1253 2178 1501 2216 consuerant
1542 2186 1677 2227 neque

303 2252 552 2295 dubitabant
583 2249 636 2291 ad
667 2261 737 2290 eos
759 2253 949 2290 auctores
971 2260 1208 2300 provocare,
1239 2260 1415 2300 quorum
1446 2249 1677 2290 sententias

304 2330 353 2370 de
394 2326 656 2380 philosophia
695 2325 882 2377 prolatas
925 2324 1030 2365 alias
1073 2323 1339 2376 respuebant.
1401 2324 1548 2366 Testes
1585 2336 1677 2365 cum

304 2403 376 2445 alii
407 2406 517 2454 sunt,
549 2405 639 2443 tum
669 2399 909 2450 Panaetius,
942 2411 1063 2451 quem
1097 2397 1240 2440 Cicero
1272 2398 1321 2439 de
1351 2397 1421 2439 fin.
1453 2399 1510 2440 IV
1534 2402 1601 2451 28,
1624 2402 1676 2440 79

304 2478 404 2520 dicit
451 2472 614 2528 semper
659 2476 702 2516 in
757 2486 826 2516 ore
867 2473 1063 2515 habuisse
1103 2472 1338 2523 Platonem,
1392 2473 1677 2524 Aristotelem,

305 2553 601 2602 Xenocratem,
649 2548 1003 2601 Theophrastum,
1054 2547 1367 2588 Dicaearchum.
1433 2546 1569 2588 Testis
1615 2550 1679 2588 est

305 2627 477 2679 Seneca,
506 2626 572 2679 qui
602 2625 817 2667 Platonem
850 2622 1082 2665 admiratur
1113 2625 1154 2663 et
1186 2620 1344 2673 pariter
1376 2621 1477 2662 dicit
1511 2626 1677 2673 „noster
