1888 3170
728 212 980 250 —5—

168 324 255 362 tate
288 321 415 362 animi
448 318 723 374 dissereret1).
779 321 891 364 Idem
924 322 1044 365 Plato
1074 323 1196 365 testis
1228 326 1292 365 est
1322 322 1437 364 illum
1469 335 1542 375 pa-

167 398 303 436 ratum
336 394 466 437 fuisse
496 396 716 449 pecuniam
749 396 802 437 ad
828 395 1041 438 Socratem
1075 409 1125 439 ex
1155 396 1331 439 vinculis
1362 397 1542 439 liberan—

167 469 263 510 dum
296 469 537 522 conferre2).
598 470 645 510 In
678 469 901 511 Phaedone
932 470 1082 512 indolis
1114 475 1155 512 et
1186 470 1341 521 ingenii
1375 470 1540 512 Cebetis

166 543 389 595 imaginem
411 554 647 595 expressam
674 555 764 584 esse
785 556 810 584 a
831 543 1009 586 veritate
1031 555 1113 586 non
1135 544 1258 596 longe
1278 544 1541 586 recedentem

167 629 327 659 summo
359 617 449 658 iure
483 615 843 670 suspicabimurss);
888 630 968 670 quo
1015 630 1108 660 vero
1151 618 1204 659 ad
1242 618 1330 660 eius
1362 621 1540 661 aetatem

167 691 493 742 cognoscendam
527 691 589 732 uti
611 691 747 742 liceat,
780 691 940 733 nullum
963 692 1004 733 in
1026 703 1074 733 eo
1106 693 1214 734 inest
1236 696 1538 744 argumentum.

279 764 442 806 Notitia
472 764 698 818 perexigua
730 765 802 806 illa
833 765 1019 818 quidem,
1064 766 1135 807 sed
1175 766 1218 807 in
1249 769 1369 808 tanta
1400 767 1540 820 inopia

166 851 246 881 non
279 840 583 881 contemnenda
615 852 663 882 ex
695 851 742 882 eo
773 840 862 881 loco
894 839 1003 892 fluit,
1046 841 1115 893 qui
1156 845 1221 883 est
1261 841 1372 894 apud
1403 841 1541 883 Xeno-

165 913 361 966 phontem
390 926 533 956 comm.
563 915 595 965 I,
632 918 667 965 2,
701 918 753 956 47
787 926 861 967 sq.,
894 915 964 956 ubi
995 915 1075 967 ille,
1108 919 1327 968 postquam
1350 917 1541 970 exposuit

163 988 423 1031 Alcibiadem
461 992 502 1031 et
535 988 708 1031 Critian]
747 989 838 1031 ideo
876 990 1060 1032 Socratis
1098 991 1290 1032 audiendi
1332 991 1540 1033 studiosos

164 1063 307 1113 fuisse,
339 1067 386 1105 ut
417 1063 662 1105 facultatem
695 1063 774 1105 sibi
805 1068 1003 1117 pararent
1036 1065 1290 1117 reipublicae
1320 1066 1538 1117 gerendae,

165 1151 256 1180 eam
288 1142 428 1180 autem
458 1138 530 1180 ubi
561 1151 605 1180 se
636 1142 850 1180 assecutos
883 1151 973 1180 esse
1007 1140 1334 1191 existimassent,
1379 1141 1430 1183 ab
1469 1141 1540 1182 illo

163 1213 418 1265 discessisse,
450 1213 514 1254 his
532 1213 670 1255 verbis
692 1213 846 1266 pergit:
880 1208 988 1254 ἀλλὰ
1010 1216 1186 1267 Κρίτων
1206 1230 1250 1256 τε
1273 1211 1540 1267 Σωκράτους

166 1278 218 1340 ἧν
251 1282 457 1341 ὁμιλητὴς
488 1285 559 1328 καὶ
591 1289 828 1341 Χαιρεφῶν
860 1286 931 1328 καὶ
963 1286 1260 1342 Χαιρεκράτης
1290 1288 1361 1330 καὶ
1386 1285 1539 1343 Ἑρμο-

162 1360 292 1414 γένης
334 1360 406 1402 καὶ
438 1363 599 1415 Σιμίας
638 1360 710 1402 καὶ
743 1360 887 1415 Κέβης
928 1361 1000 1403 καὶ
1035 1360 1299 1413 Φαιδώνδας
1336 1397 1344 1405 .
1378 1397 1386 1405 .
1420 1397 1428 1405 .
1467 1364 1539 1406 καὶ

162 1433 334 1477 τούτων
366 1431 513 1485 οὐδεὶς
545 1432 645 1478 οὔτε
681 1433 892 1490 νεώτερος
914 1433 1014 1479 οὔτε
1036 1435 1331 1492 πρεσβύτερος
1362 1433 1424 1481 ὢν
1447 1434 1536 1481 οὔτ’

165 1509 342 1562 ἐποίησε
373 1507 510 1552 κακὸν
544 1506 675 1552 οὐδὲν
707 1506 795 1552 οὔτ’
830 1511 975 1553 αἰτίαν
1007 1514 1144 1566 ἔσχεν.
1196 1513 1285 1563 Quo
1316 1515 1405 1557 loco
1438 1515 1540 1557 haec

164 1585 400 1637 disquisitio
435 1598 690 1638 magnopere
721 1587 951 1638 iuvaretur,
997 1588 1031 1629 si
1063 1600 1112 1629 ex
1149 1589 1362 1630 nominum
1395 1589 1539 1630 ordine

163 1659 386 1711 quidquam
421 1661 471 1701 de
514 1660 771 1712 singulorum
812 1661 992 1703 virorum
1034 1663 1243 1705 aetatibus
1285 1663 1537 1716 efficeretur;

160 1734 202 1775 id
232 1735 341 1786 quod
373 1733 464 1775 fieri
496 1746 544 1777 eo
576 1734 739 1777 facilius
772 1735 1095 1789 existimaveris,
1141 1738 1249 1791 quod
1291 1738 1362 1790 qui
1404 1738 1536 1790 primo

159 1809 249 1850 loco
289 1810 576 1861 nominantur,
611 1809 726 1852 Crito
766 1814 807 1852 et
840 1810 1111 1863 Chaerephon
1144 1812 1328 1855 Socratis
1368 1813 1537 1855 fuerunt

160 1883 390 1937 aequalesi)
433 1885 575 1937 itaque
608 1897 677 1927 eos
703 1886 852 1927 ceteris
884 1887 1062 1928 maiores
1094 1892 1195 1929 natu
1233 1887 1361 1930 fuisse
1392 1888 1537 1930 verisi-

159 1958 255 2000 mile
294 1962 368 2000 est.
432 1959 587 2010 Quodsi
627 1960 851 2001 statuimus
884 1960 1202 2013 Xenophontem
1243 1962 1286 2003 in
1318 1962 1401 2004 illis
1434 1963 1535 2005 viris

158 2033 447 2075 enumerandis
475 2034 628 2083 aetatis
659 2035 863 2076 rationem
887 2035 1095 2085 habuisse,
1124 2036 1310 2088 sequitur
1340 2036 1534 2078 Cebetem

158 2108 201 2148 in
233 2106 418 2150 Socratis
451 2108 662 2161 discipulis
695 2113 799 2150 natu
830 2109 1010 2151 minimis
1042 2109 1182 2152 fuisse.
1245 2109 1325 2152 Sed
1366 2122 1416 2152 ne
1457 2111 1535 2152 hac

159 2182 480 2224 ratiocinatione
513 2182 782 2235 confidamus,
815 2196 863 2224 ea
895 2196 939 2224 re
971 2184 1247 2236 deterremur,
1281 2185 1388 2237 quod
1426 2185 1532 2228 Plat.

273 2295 305 2341 1)
331 2295 423 2330 Plat.
447 2295 578 2334 Phaed.
606 2296 648 2330 59
662 2296 695 2330 b.
721 2306 772 2340 sq.

274 2352 306 2398 2)
333 2353 428 2389 Crito
454 2355 497 2388 45
511 2354 544 2389 b.
1532 2375 1538 2380 .

273 2411 306 2455 ³)
333 2411 423 2449 Plat.
449 2411 580 2447 Phaed.
611 2413 694 2455 63a,
720 2413 762 2446 77
774 2422 804 2446 a.
854 2411 906 2448 Cf.
935 2411 1051 2447 Groen
1076 2421 1143 2446 van
1175 2411 1378 2448 Prinsterer
1408 2422 1531 2457 proso-

157 2477 256 2512 pogr.
284 2467 419 2503 Platon.
445 2480 480 2513 p.
506 2469 560 2504 64.
608 2469 663 2503 Ex
690 2468 870 2504 sententiis
898 2468 1016 2503 Cebeti
1042 2479 1062 2503 a
1088 2469 1235 2504 Platone
1260 2469 1402 2505 tributis
1436 2470 1532 2505 nulla

157 2525 198 2560 ad
225 2530 379 2560 nostram
406 2526 682 2570 disquisitionem
708 2526 770 2561 lux
794 2526 981 2561 redundat.

272 2582 306 2627 4)
335 2583 426 2618 Plat.
458 2584 552 2628 apol.
582 2584 677 2620 Socr.
703 2587 745 2619 33
761 2585 797 2628 d,
823 2586 864 2618 21
879 2595 909 2618 a.
968 2584 1209 2619 Chaerecratis
1241 2589 1274 2618 et
1299 2585 1530 2628 Hermogenis

156 2644 253 2675 aetas
278 2649 321 2674 ex
346 2640 400 2684 iis,
419 2650 508 2684 quae
533 2641 637 2676 Plato
664 2646 699 2676 et
716 2642 913 2685 Xenophon
939 2642 1128 2677 memoriae
1144 2642 1387 2686 prodiderunt,
1413 2642 1531 2686 explo-

155 2697 228 2731 rari
256 2698 386 2740 nequit.
