1888 3170
860 186 1026 223 -10
1088 205 1139 211 -.

315 296 566 337 Themistius
607 308 664 337 or.
699 299 770 346 34,
805 300 848 347 5,
890 297 940 338 de
972 297 1156 339 moribus
1187 303 1228 339 et
1266 300 1483 341 sententiis
1516 299 1682 341 Cebetis

315 369 517 410 Socratici
550 374 779 421 exponunt,
822 370 935 411 nulla
975 370 1046 411 lux
1077 371 1130 411 ad
1169 382 1277 421 eam,
1319 383 1441 423 quam
1480 373 1546 414 hic
1575 377 1683 415 trac-

315 448 464 493 tamus,
497 443 784 494 quaestionem
817 443 1032 485 redundat.

428 516 508 558 Sed
539 516 741 557 hactenus
773 517 822 558 de
855 516 1029 567 Cebete3
1070 518 1153 558 iam
1185 517 1235 558 de
1266 518 1425 559 Tabula
1455 519 1679 562 videamus.

316 590 443 631 Cuius
476 589 540 631 his
574 594 759 631 veterum
791 591 893 632 locis
924 589 971 631 fit
1002 591 1177 645 mentio:

433 667 465 704 1.
501 664 655 705 Cebetis
687 663 830 705 Pinax·
860 665 920 706 ita
952 668 1311 714 commemoratur,
1344 669 1391 705 ut
1421 677 1553 717 neque
1583 667 1685 707 illud

319 736 569 787 „Socratici“
606 737 803 788 addatur,
836 750 969 790 neque
1009 742 1121 780 certo
1153 750 1399 790 cognoscere
1438 740 1562 781 liceat
1592 752 1683 782 eam

314 810 518 851 Tabulam
550 811 750 862 intellegi,
783 824 889 863 quae
921 812 973 853 ad
1005 824 1080 854 nos
1112 813 1322 864 pervenit:

428 883 632 926 Tertull.
655 886 758 927 adv.
783 886 968 927 haeret.
994 889 1066 927 39:
1097 886 1215 928 Meus
1237 887 1405 938 quidam
1428 888 1684 940 propinquus

313 970 363 999 ex
385 958 525 999 eodem
551 961 677 1010 poeta
700 958 923 1012 (Vergilio)
946 959 1056 1001 inter
1089 964 1226 1001 cetera
1260 960 1347 1002 stili
1378 961 1464 1002 otia
1494 962 1685 1012 pinacem

315 1030 481 1073 Cebetis
513 1032 723 1084 explicuit.

429 1107 465 1146 2.
503 1104 657 1146 Cebetis
688 1105 899 1148 Socratici
929 1107 1074 1149 Pinare
1112 1108 1353 1150 nominatur
1384 1108 1497 1150 nullo
1534 1108 1685 1149 indicio

314 1178 489 1229 adiecto,
512 1190 592 1230 quo
615 1178 833 1229 efficiatur,
866 1193 970 1232 eam,
1004 1181 1053 1222 de
1080 1194 1161 1234 qua
1183 1194 1258 1223 nos
1283 1183 1458 1235 agimus,
1481 1181 1684 1223 Tabulam

314 1250 560 1303 significari:

429 1326 565 1377 Diog.
600 1326 763 1368 Laert.
796 1327 834 1367 Il
862 1330 960 1368 125:
1007 1326 1151 1380 Κέβης
1173 1323 1195 1369 ὁ
1220 1331 1423 1381 Θηβαῖος.
1476 1327 1563 1369 Καὶ
1584 1325 1685 1370 τού-

313 1414 392 1440 του
415 1398 626 1452 φέρονται
651 1397 850 1454 διάλογοι
877 1408 1002 1453 τρεῖς.
1051 1401 1208 1454 Πίναξ,
1224 1397 1431 1456 Ἑβδόμη,
1452 1399 1684 1456 Φρύνιχος.

429 1473 606 1516 Suidas
646 1487 676 1516 s.
712 1487 747 1515 v.
781 1475 974 1528 (quocum
1006 1477 1198 1518 convenit
1238 1477 1457 1518 Eudocia
1495 1489 1528 1518 c.
1563 1477 1683 1529 584):

313 1546 456 1600 Κέβης
472 1550 665 1601 Θηβαῖος
676 1546 936 1603 φιλόσοφος,
952 1547 1221 1603 Σωκράτους
1235 1547 1446 1603 μαθητής.
1470 1548 1686 1604 Διάλογοι

313 1619 361 1663 δὲ
383 1616 523 1664 αὐτοῦ
543 1622 755 1676 φέρονται
776 1630 908 1675 τρεῖς,
926 1618 1134 1676 Ἑβδόμη,
1160 1621 1394 1677 Φρύνιχος,
1416 1626 1568 1671 Πίναξ,
1596 1626 1685 1666 ἔστι

314 1694 362 1737 δὲ
392 1698 481 1738 τῶν
514 1696 561 1738 ἐν
593 1693 704 1753 ᾅδου
738 1695 937 1751 διήγησις
969 1709 977 1718 ·
1008 1696 1081 1740 καὶ
1112 1695 1219 1740 ἄλλα
1250 1698 1360 1740 τινά.

426 1770 502 1812 His
535 1771 669 1812 adicio
701 1783 793 1812 eum
825 1773 977 1823 locum,
1018 1774 1088 1825 qui
1120 1776 1183 1814 est
1215 1773 1332 1824 Diog.
1364 1773 1504 1815 Laert.
1538 1774 1580 1814 II
1611 1777 1683 1815 64:
1715 1799 1723 1803 x

312 1841 505 1886 Πάντων
537 1843 686 1898 με’ντοι
717 1846 807 1886 τῶν
841 1848 1136 1897 Σωκρατικῶν
1178 1843 1399 1900 διαλόγων
1445 1849 1686 1897 Παναίτιος

313 1913 494 1970 ἀληθεῖς
526 1915 639 1960 εἶναι
662 1919 785 1960 δοκεῖ
806 1915 911 1968 τοὺς
931 1917 1185 1972 Πλάτωνος,
1218 1920 1522 1974 Ξενοφῶντος,
1551 1916 1685 1962 Ἀντι-

317 1991 522 2045 σθένους,
554 1994 771 2046 Αἰσχίνου
791 2004 799 2012 ·
833 1990 1020 2044 διστάζει
1045 1992 1092 2035 δὲ
1111 1992 1209 2047 περὶ
1239 1996 1329 2035 τῶν
1354 1996 1584 2044 Φαίδωνος
1614 1994 1686 2036 καὶ

312 2062 571 2109 Εὐκλείδου.
638 2063 751 2117 Τοὺς
783 2063 984 2118 δ’ἄλλους
1015 2063 1189 2121 ἀναιρεῖ
1215 2066 1392 2118 πάντας.

428 2145 463 2183 3.
500 2141 656 2184 Cebetis
699 2142 858 2184 Tabula
895 2157 961 2194 ea,
1006 2157 1109 2195 quae
1148 2144 1266 2184 nobis
1305 2145 1346 2184 in
1386 2144 1579 2185 manibus
1615 2149 1683 2197 est,

310 2221 657 2258 commemoratur
688 2229 770 2259 non
803 2217 944 2259 addito
976 2217 1047 2259 illo
1083 2216 1358 2267 „Socratici“:

425 2290 680 2332 Lucianus
738 2291 793 2332 de
849 2303 988 2333 merc.
1042 2291 1177 2332 cond.
1229 2294 1299 2332 42:
1358 2288 1682 2343 Βούλομαι...

311 2361 454 2417 ὥσπερ
477 2361 499 2406 ὁ
523 2364 666 2418 Κέβης
683 2364 847 2414 ἐκεῖνος
863 2366 1015 2407 εἰκόνα
1037 2361 1135 2406 τινὰ
1157 2367 1236 2406 τοῦ
1258 2363 1466 2407 τοιούτου
1488 2368 1590 2418 βίου
1614 2378 1684 2408 σοι

311 2435 489 2491 γράψαι,
523 2440 577 2481 id.
613 2440 710 2481 rhet,
736 2452 882 2491 praec.
907 2443 932 2480 6
953 2453 1032 2492 sq..·
1065 2437 1200 2480 ἐθέλω
1226 2472 1233 2481 .
1260 2472 1267 2480 .
1297 2435 1440 2492 ὥσπερ
1480 2435 1500 2481 ὁ
1540 2440 1685 2494 Κέβης

312 2511 475 2561 ἐκεῖνος
497 2509 647 2554 εἰκόνα
669 2509 950 2566 γραψάμενος
973 2547 981 2554 .
1007 2545 1012 2552 .
1039 2545 1046 2553 .
1073 2546 1080 2554 .
1106 2513 1292 2567 Utroque
1314 2515 1403 2556 loco
1425 2527 1474 2557 ex
1496 2515 1684 2567 picturae

310 2587 587 2638 descriptione
605 2592 792 2639 apparet,
814 2592 1000 2630 nostram
1018 2586 1221 2628 Tabulam
1240 2589 1276 2629 ei
1295 2589 1560 2631 obversatam
1578 2602 1680 2631 esse.

427 2660 645 2702 Chalcid.
684 2662 733 2702 in
766 2661 851 2704 fin.
887 2673 1049 2704 comm.
1091 2662 1138 2703 in
1171 2661 1294 2704 Plat.
1328 2663 1443 2705 Tim.
1480 2663 1531 2716 (c.
1565 2662 1682 2716 355);
