1888 3170
725 203 1006 239 —15-.

181 314 356 363 diamur,
389 325 439 354 ne
467 312 650 354 Socratis
683 311 743 352 illi
775 312 976 364 discipulo
1009 324 1101 352 eum
1134 312 1396 361 abrogemus.
1459 310 1553 351 Jam

181 388 312 439 igitur
333 388 396 438 iis,
421 399 526 438 quae
548 399 673 438 supra
696 387 993 437 congessimus,
1027 387 1295 438 antiquorum
1317 386 1366 426 de
1389 385 1554 427 Cebetis

181 462 266 502 vita
305 461 557 502 testimoniis
589 460 785 500 adhibitis
818 471 1089 511 quaeramus,
1129 472 1225 500 num
1260 458 1445 500 Tabulae
1476 458 1555 498 loci

181 535 371 575 nonnulli
404 538 655 586 repugnent,
694 545 745 573 ne
776 546 801 574 a
833 533 1044 575 Socratico
1078 532 1232 575 Cebete
1271 545 1361 574 eam
1395 531 1557 574 confec-

182 613 267 649 tam
299 621 390 650 esse
421 609 686 650 arbitremur.
750 607 886 659 Atque
917 609 1096 659 primum
1130 608 1384 660 Hieronymo
1408 604 1555 647 Wolfio

182 683 462 734 suspicionem
494 682 635 732 movit,
668 682 776 732 quod
813 684 905 732 13,2
930 681 1201 733 Peripatetici
1233 693 1557 722 commemoran-

182 760 251 797 tur
283 760 323 797 et
356 759 451 806 33‚3
484 755 671 796 Platonis
703 756 915 796 sententia
944 756 1150 806 quaedam
1183 755 1398 805 laudatur,
1432 766 1556 806 quam

182 831 247 871 hic
270 830 461 881 exposuit
491 830 541 870 de
572 829 651 880 leg.
676 829 755 869 Vll
787 842 825 881 p.
850 833 945 870 808.
1007 830 1111 871 Jure
1133 829 1242 870 enim
1265 829 1456 870 dubitare
1478 828 1558 869 sibi

181 905 294 945 visus
317 908 395 954 est,
427 916 525 944 num
550 903 682 945 Cebes
704 904 941 945 Socraticus
965 904 1341 956 Peripateticorum
1374 903 1558 944 familiae

183 982 257 1019 aut
288 990 430 1019 eorum
452 978 637 1019 Platonis
665 978 881 1029 librorum,
914 979 983 1030 qui
1007 979 1055 1018 de
1076 979 1238 1030 legibus
1261 977 1557 1027 inscribuntur,

184 1052 374 1093 notitiam
407 1053 594 1103 accipere
625 1053 821 1104 potuerit.
883 1051 1016 1101 Quam
1040 1050 1343 1103 difficultatem,
1375 1051 1484 1103 quod
1508 1051 1559 1091 ad

183 1127 370 1168 Platonis
398 1127 513 1168 illum
541 1127 676 1168 locum
699 1127 864 1178 attinet,
897 1139 970 1179 per
990 1126 1071 1167 vim
1096 1127 1355 1168 sustulerunt
1377 1130 1418 1167 et
1439 1126 1560 1186 quasi

184 1201 322 1252 gladio
355 1201 504 1242 nodum
538 1201 795 1242 disciderunt
827 1200 1101 1242 Casaubonus
1134 1199 1193 1252 (in
1227 1200 1326 1242 edit.
1355 1200 1559 1252 Berkelii)

185 1279 226 1315 et
257 1275 481 1327 Klopferus
495 1274 547 1326 ¹),
581 1276 649 1328 qui
681 1275 886 1316 vocabula
919 1275 1136 1316 Platonem
1170 1275 1397 1325 allegantia
1433 1275 1560 1315 inter-

183 1349 362 1401 polatori
392 1350 645 1391 tribuerunt.
707 1350 762 1390 At
794 1350 896 1391 nihil
930 1350 968 1389 in
994 1350 1044 1390 iis
1067 1350 1175 1390 inest
1197 1348 1447 1400 offensionis,
1480 1360 1560 1400 quo

183 1424 280 1465 talis
313 1425 550 1465 coniectura
580 1424 850 1475 defendatur,
896 1436 1140 1476 summoque
1181 1424 1270 1464 iure
1311 1436 1336 1463 a
1378 1424 1560 1465 violenta

185 1499 263 1539 hac
283 1499 444 1540 ratione
466 1499 684 1539 abhorruit
707 1499 739 1539 F
743 1499 939 1539 eurlinus.
1004 1498 1265 1547 Quaeramus
1287 1498 1431 1550 igitur,
1463 1510 1560 1537 num

187 1572 317 1614 Cebes
349 1572 585 1614 Socraticus
617 1573 786 1623 vixerit,
827 1585 905 1623 quo
938 1576 1123 1624 tempore
1156 1572 1342 1613 Platonis
1374 1572 1431 1613 illi
1466 1572 1560 1613 libri

186 1647 286 1688 editi
318 1651 425 1688 sunt.
489 1647 628 1698 Atque
659 1647 694 1687 si
725 1645 847 1687 fidem
877 1646 1122 1688 habebimus
1152 1646 1349 1699 Dionysio
1372 1646 1563 1687 Halicar-

187 1723 377 1763 nassensi
409 1722 478 1772 (de
520 1734 650 1774 comp.
694 1722 804 1762 verb.
839 1734 877 1773 p.
914 1721 1032 1772 208),
1076 1720 1257 1762 Senecae
1289 1721 1370 1772 (ep.
1405 1719 1561 1772 58,31),

189 1795 381 1837 Ciceroni
413 1795 482 1847 (de
514 1799 668 1836 senect.
703 1796 836 1846 5,13),
869 1796 939 1847 qui
971 1799 1101 1836 testes
1133 1799 1230 1836 sunt
1260 1795 1477 1836 Platonem
1510 1798 1563 1835 80

188 1871 251 1911 vel
281 1873 331 1910 81
367 1881 495 1911 annos
519 1874 676 1920 natum,
711 1870 735 1910 i.
760 1882 794 1910 e.
820 1882 856 1910 a.
892 1872 973 1910 348
997 1870 1060 1910 vel
1085 1872 1163 1911 347
1177 1867 1209 1920 2)
1230 1870 1316 1910 vita
1339 1869 1563 1910 decessisse

188 1956 236 1984 ac
256 1945 291 1985 si
314 1944 542 1996 Diogenem
568 1945 782 1985 Laertium
805 1942 886 1993 (ΙΙΙ
912 1944 996 1994 37),
1020 1944 1187 1984 Suidam
1211 1941 1267 1993 (v.
1285 1939 1563 1995 φιλόσοφος),

189 2023 401 2060 auctorem
422 2019 648 2070 prolegom.
672 2019 960 2071 philosophiae
982 2018 1222 2059 Platonicae
1245 2020 1294 2068 (c.
1320 2016 1396 2069 24)
1420 2029 1564 2068 seque-

189 2105 302 2142 mur,
343 2092 414 2144 qui
445 2093 627 2145 produnt
660 2084 832 2134 Platone
862 2096 1024 2134 mortuo
1056 2092 1295 2144 Philippum
1334 2091 1563 2144 Opuntium

189 2167 316 2208 libros
348 2167 399 2208 de
430 2167 591 2219 legibus
625 2168 803 2220 scriptos
835 2168 1027 2218 edidisse,
1059 2166 1148 2208 fieri
1182 2179 1263 2209 non
1289 2167 1444 2219 poterit
1465 2167 1564 2218 quin

190 2241 439 2292 dubitemus,
472 2255 570 2283 num
602 2243 653 2293 ei,
686 2243 756 2294 qui
787 2243 931 2294 paucis
963 2242 1085 2283 annis
1116 2245 1211 2292 post
1242 2240 1426 2282 Socratis
1457 2251 1565 2281 mor—

190 2319 274 2356 tem
291 2340 344 2345 —
360 2317 395 2357 si
417 2321 533 2358 recte
555 2329 684 2369 supra
701 2329 739 2368 p.
756 2320 780 2357 8
798 2303 1063 2368 exposuimus
1079 2337 1133 2343 —
1147 2327 1228 2356 non
1240 2315 1375 2356 minor
1387 2314 1566 2367 quadra-

309 2451 340 2494 1)
367 2450 519 2484 Dissert.
547 2451 590 2485 de
617 2450 702 2485 Ceb.
728 2450 816 2483 Tab.
844 2450 1002 2484 Zviccav.
1054 2451 1291 2484 1818—1822.

307 2508 340 2551 ²)
365 2507 397 2542 N
400 2519 443 2542 on
470 2509 573 2552 plane
598 2509 689 2543 inter
709 2518 745 2542 se
763 2508 984 2542 consentiunt
1009 2512 1146 2542 veteres
1164 2507 1205 2541 de
1222 2507 1335 2550 primo
1353 2511 1387 2541 et
1403 2517 1566 2550 supremo

197 2565 357 2599 Platonis
383 2576 493 2609 anno;
520 2566 581 2600 sed
607 2572 729 2601 nostra
754 2566 958 2608 disceptatio
984 2565 1047 2599 illa
1072 2565 1283 2599 dissensione
1307 2575 1377 2598 non
1401 2564 1567 2606 tangitur.

191 2621 245 2655 De
271 2622 375 2656 variis
402 2628 560 2656 veterum
588 2623 773 2657 sententiis
799 2622 843 2656 cf.
869 2622 996 2665 Zeller,
1023 2622 1077 2655 die
1103 2621 1194 2655 Phil.
1221 2621 1253 2654 d.
1280 2621 1453 2655 Griechen
1482 2621 1567 2663 111,

194 2680 258 2713 338
284 2690 335 2723 sq.
360 2679 441 2713 edit.
468 2681 498 2713 3.
