1888 3170
276 300 335 342 Ut
372 300 510 341 omnia
546 300 630 342 iam
667 309 773 352 quae
804 297 937 339 adhuc
967 298 1231 351 exposuimus
1267 295 1533 348 comprehen-

163 374 270 426 dam,
302 386 352 415 ex
374 374 437 426 iis,
472 386 575 426 quae
605 373 648 414 in
670 372 748 414 hac
770 372 1076 414 dissertationis
1097 376 1217 425 parte
1239 370 1534 423 pertractanda

162 447 280 490 nobis
313 449 616 501 proposuimus,
647 448 700 490 ad
730 447 927 488 iudicium
960 451 1117 489 certum
1149 446 1341 498 omnique
1371 444 1535 486 dubita-

160 524 272 565 tione
304 527 541 576 exemptum
564 535 645 565 non
677 522 954 575 pervenimus.
1008 522 1071 563 Ex
1092 522 1194 574 ipsis
1216 521 1326 562 0111111
1349 522 1536 561 veterum

162 597 413 640 testimoniis
446 598 549 639 nihil
581 597 669 639 fere
701 597 804 638 lucis
837 597 890 639 ad
921 597 1029 638 hanc
1066 596 1355 649 quaestionem
1385 592 1536 635 redun-

162 672 261 713 dare
293 683 419 724 supra
450 671 640 712 vidimus.
702 671 780 721 Qui
811 682 910 712 vero
942 683 1023 711 iani
1064 670 1216 711 dudum
1259 668 1537 720 suspicionem

162 750 380 788 moverunt
401 745 586 787 Tabulae
617 746 709 796 loci,
741 758 790 787 ex
821 746 871 786 iis
893 758 999 787 unus
1022 744 1344 797 interpolatione
1376 742 1539 784 videtur

161 821 332 862 vitiatus
363 832 473 872 esse;
515 832 565 862 ex
606 820 740 862 altero
777 820 856 861 nisi
889 820 1153 862 audaciorem
1184 818 1380 860 Drosihni
1413 829 1537 870 argu-

162 896 460 937 mentationem
493 895 719 946 sequimur,
751 894 854 935 nihil
886 893 1078 945 efficitur,
1111 905 1191 945 quo
1224 893 1412 934 Tabulae
1445 902 1537 932 auc-

162 974 295 1012 torem
344 969 601 1012 Socraticum
649 968 845 1010 Cebetem
896 968 1011 1010 nullo
1063 968 1184 1009 modo
1230 967 1370 1019 putari
1418 977 1541 1018 posse

161 1048 378 1097 appareat.
434 1045 695 1096 Quamquam
717 1055 808 1084 cum
841 1043 1053 1094 octoginta
1085 1053 1216 1082 annos
1249 1045 1393 1082 natum
1425 1039 1541 1081 illum

161 1119 344 1161 Socratis
377 1119 625 1171 discipulum
666 1118 743 1159 hoc
784 1129 887 1169 opus
928 1116 1154 1158 confecisse
1198 1116 1332 1157 nullos
1379 1114 1535 1156 habeat

162 1194 474 1247 probabilitatis
497 1205 703 1244 numeros,
731 1193 772 1233 in
795 1204 938 1233 eorum
961 1192 1212 1233 sententiam
1234 1189 1541 1239 inclinabimus,

163 1269 231 1320 qui
265 1268 462 1311 Pinacem
494 1268 694 1310 Socratici
726 1267 895 1309 Cebetis
927 1278 1010 1308 non
1041 1278 1132 1308 esse
1164 1265 1421 1307 existimant.

279 1343 373 1384 Jam
394 1344 524 1397 igitur
548 1343 763 1385 videamus
786 1342 835 1385 de
857 1342 1013 1395 Cebete
1035 1340 1250 1395 Cyziceno,
1283 1351 1404 1392 quem
1432 1339 1544 1381 solus

161 1419 401 1461 Athenaeus
436 1418 494 1459 IV
517 1421 570 1459 45
603 1431 641 1470 p.
671 1421 748 1458 156
761 1418 799 1459 d.
834 1417 1186 1467 commemoravit,
1219 1415 1290 1457 sed
1323 1415 1397 1466 ita,
1429 1417 1474 1455 ut
1496 1413 1546 1453 de

159 1495 247 1536 eius
278 1494 366 1535 vita
398 1496 438 1534 et
470 1493 637 1545 scriptis
670 1492 774 1533 nihil
814 1492 982 1533 omnino
1015 1490 1210 1542 cognosci
1242 1489 1387 1542 possit.
1442 1489 1545 1529 Dro-

163 1569 311 1610 sihnus
343 1579 395 1608 ne
426 1567 476 1608 de
508 1567 586 1609 hoc
617 1568 859 1619 cogitemus,
891 1566 932 1607 id
965 1565 1133 1607 obstare
1165 1564 1276 1611 vult,
1311 1563 1420 1616 quod
1452 1562 1547 1604 inde

163 1657 187 1686 a
215 1642 398 1685 5001111ᾶο
421 1646 516 1695 post
539 1641 634 1684 Chr.
659 1655 698 1683 n.
723 1642 887 1683 saeculo
910 1652 1052 1683 omnes
1075 1639 1278 1681 Tabulam
1299 1638 1548 1680 tribuissent

161 1718 384 1761 Socratico.
447 1718 502 1758 At
533 1717 610 1759 hoc
641 1729 723 1758 non
754 1720 867 1758 recte
899 1716 952 1757 ab
991 1715 1062 1757 1110
1102 1714 1295 1756 contendi
1329 1724 1456 1766 supra
1488 1712 1548 1753 vi-

162 1792 348 1844 dimus1).
402 1792 496 1835 Non
519 1791 612 1844 plus
635 1792 746 1833 valet
769 1791 795 1833 J
798 1791 966 1832 erramii
988 1794 1295 1842 argumentum,
1319 1789 1389 1841 qui
1411 1785 1548 1838 dicit2)

162 1867 382 1920 aequalem
403 1866 577 1908 Luciani
601 1867 641 1906 in
664 1866 776 1907 illius
800 1865 993 1918 operibus
1017 1877 1099 1906 11011
1126 1864 1315 1917 potuisse
1338 1862 1549 1915 designari

160 1943 369 1984 vocabulo
393 1940 569 1989 ἐκεῖνος.
623 1940 750 1982 Cuius
775 1940 886 1982 enim
908 1952 1010 1992 opus
1033 1940 1087 1980 ab
1110 1939 1303 1980 omnibus
1335 1938 1550 1979 lectitatur

160 2021 203 2058 et
235 2017 278 2057 in
310 2017 495 2058 omnium
528 2028 598 2057 ore
620 2019 824 2070 versatur,
857 2015 891 2056 is
924 2027 995 2056 cur
1018 2014 1134 2055 vivus
1163 2016 1311 2064 „notus
1338 2012 1429 2053 ille“
1467 2023 1548 2053 non

160 2092 295 2144 possit
337 2091 500 2143 vocari,
544 2090 655 2132 haud
700 2090 909 2141 intellego.
972 2089 1028 2131 At
1070 2088 1111 2129 id
1143 2088 1278 2140 ipsum
1310 2087 1351 2128 in
1395 2098 1549 2139 magna

162 2167 233 2208 illa
272 2165 406 2217 fama,
451 2177 532 2218 qua
563 2165 787 2216 Tabulam,
830 2165 864 2205 si
897 2164 1017 2206 modo
1056 2161 1198 2216 Cynici
1238 2161 1404 2203 Cebetis
1446 2165 1550 2212 erat,

161 2240 349 2282 floruisse
372 2245 544 2293 propter
566 2241 738 2282 Luciani
757 2240 856 2280 illud
877 2238 1040 2287 ἐκεῖνος
1064 2242 1311 2288 statuemus,
1334 2236 1454 2278 valde
1476 2236 1552 2276 mi-

161 2315 340 2357 randum
373 2319 495 2366 esset,
530 2314 638 2367 quod
671 2314 910 2356 Athenaeus
943 2325 995 2353 ne
1025 2313 1152 2354 verbo
1175 2311 1343 2364 quidem
1376 2323 1553 2352 comme—

167 2395 303 2435 morat
335 2402 438 2443 opus
471 2402 494 2431 a
529 2389 683 2432 Cebete
716 2388 964 2431 confectum.
1028 2387 1145 2438 Quod
1184 2398 1438 2438 quamquam
1470 2396 1553 2426 non

165 2478 212 2507 eo
245 2465 377 2516 valet,
411 2469 458 2506 ut
488 2464 686 2507 Pinacem
719 2477 743 2504 a
782 2463 937 2516 Cynico
970 2461 1122 2504 Cebete
1160 2461 1242 2502 ullo
1281 2460 1403 2502 modo
1444 2471 1554 2501 com-

163 2541 262 2593 poni
305 2539 493 2592 potuisse
526 2551 756 2592 negemus,
801 2538 1051 2591 praesertim
1095 2548 1187 2578 cum
1234 2548 1302 2586 ea,
1350 2546 1458 2587 quae
1505 2534 1555 2574 de

281 2640 314 2685 ¹)
339 2652 375 2685 p.
405 2641 456 2675 13,

282 2698 313 2738 2)
341 2698 452 2743 praef.
479 2709 514 2743 p.
540 2699 571 2732 X
596 2699 676 2733 adn.
702 2700 733 2733 2.
