1888 3170
876 153 1154 191 ..86-

332 262 577 303 Plutarchus
599 262 648 302 de
668 261 763 304 fort.
787 263 905 303 Rom.
929 275 960 305 c.
984 268 1023 316 4,
1045 276 1084 315 p.
1109 267 1204 314 318,
1226 277 1317 305 cum
1340 265 1437 307 dicit
1454 266 1695 318 Fortunam,

329 348 421 377 cun]
453 335 628 376 Romam
671 337 946 387 pervenisset,
978 337 1100 389 globo
1140 338 1293 379 reiecto
1332 339 1535 382 ubertatis
1573 353 1699 383 cornu

329 409 567 460 sumpsisse.
627 409 782 451 Eodem
813 411 994 462 pertinet
1024 412 1060 454 is
1089 413 1216 463 locus,
1249 413 1319 464 qui
1350 418 1413 454 est
1433 414 1524 455 Dio.
1551 414 1696 468 Chrys.

331 496 386 525 01'.
420 487 495 535 63,
533 496 571 536 p.
606 486 686 525 205
726 484 868 525 Dind.:
901 487 983 538 ἔχει
1022 484 1069 527 δὲ
1108 482 1160 528 οὗ
1197 489 1338 536 κακῶς
1376 483 1481 528 οὐδὲ
1518 485 1570 529 τὰ
1608 491 1697 530 τῶν

328 559 527 598 παλαιῶν
564 559 799 611 αἰνίγματα
835 558 933 611 περὶ
970 555 1193 614 αὐτῆς·οί
1225 560 1305 613 μὲν
1342 557 1425 615 γὰρ
1463 561 1529 603 ἐπὶ
1562 562 1698 615 ξυροῦ

329 632 516 683 ἔστησαν
554 625 712 684 αὐτήν,
751 633 796 673 οἱ
829 630 877 673 δὲ
913 631 980 673 ἐπὶ
1017 634 1268 687 σφαίραςΙ),
1317 636 1362 676 oc
1397 633 1444 676 δὲ
1480 633 1698 688 πηδάλιον

329 705 499 746 ἔδωκαν
535 707 802 757 κρατεῖν·οἱ
839 705 887 747 δὲ
931 701 983 747 τὰ
1023 709 1199 759 κρείττω
1248 711 1494 762 γράφοντες
1530 705 1577 751 τὸ
1624 712 1700 764 τῆς

325 772 582 830 Ἀμαλθείας
612 780 773 820 ἔδοσαν
805 779 931 832 κε’ρας
960 782 1118 834 πλῆρες
1139 779 1211 822 καὶ
1231 779 1373 835 βρύον
1394 790 1487 832 ταῖς
1509 780 1695 837 ὥραιςῖ).

329 851 479 892 Omnia
510 864 558 893 ea
591 853 730 904 signa,
771 853 920 905 quibus
951 855 995 895 in
1026 854 1185 895 Tabula
1215 855 1426 896 Fortunae
1463 857 1622 898 indoles
1653 869 1700 898 ac

328 929 480 966 natura
497 926 744 978 illustratur,
763 928 923 968 invenis
940 928 1048 980 apud
1065 928 1289 969 Pacuvium
1308 930 1430 979 (rhet.
1447 931 1497 971 ad
1513 931 1694 972 Herenn.

330 1000 371 1040 II
391 1002 463 1049 23;
497 999 545 1040 cf.
580 1000 767 1041 Ribbeck
788 1001 933 1053 tragic.
956 1002 1094 1043 Latin.
1118 1003 1189 1043 rel.
1213 1015 1251 1055 p.
1279 1007 1376 1053 1043
1411 1004 1475 1045 die
1496 1005 1698 1047 romische

329 1074 449 1125 Trag.
483 1086 519 1125 p.
555 1075 671 1126 521):

331 1149 565 1191 Fortunam
596 1150 786 1192 insanam
819 1162 908 1192 esse
941 1157 983 1192 et
1015 1163 1178 1192 caecam
1217 1155 1259 1192 et
1288 1153 1452 1194 brutam
1483 1153 1703 1205 perhibent

1407 1228 1641 1280 philosophi

329 1298 518 1350 Saxoque
549 1298 707 1339 instare
738 1299 781 1339 in
812 1299 981 1351 globoso
1013 1300 1257 1352 praedicant
1288 1301 1496 1342 volubilei.

327 1373 524 1414 Insanam
561 1376 699 1414 autem
741 1385 831 1414 esse
871 1374 1005 1424 aiunt,
1049 1375 1146 1426 quia
1184 1379 1323 1427 atrox,
1368 1376 1526 1417 incerta
1568 1376 1698 1417 insta-

1367 1451 1542 1502 bilisque
1573 1453 1641 1504 sit,

329 1521 502 1564 Caecaln
534 1522 586 1564 ob
617 1533 707 1563 eam
738 1535 825 1563 ren]
857 1534 945 1564 esse
977 1524 1149 1573 iterant.
1195 1524 1289 1575 quia
1328 1525 1386 1566 nil
1420 1531 1576 1577 cernat,
1620 1539 1698 1579 quo

1329 1611 1420 1640 sese
1450 1601 1641 1652 adplicet,

327 1672 514 1722 Brutam,
547 1671 643 1723 quia
675 1671 844 1723 dignum
876 1677 1002 1724 atque
1033 1673 1248 1724 indignum
1279 1678 1458 1726 nequeat
1489 1675 1696 1717 internos-

1537 1761 1641 1791 cere.

444 1821 564 1862 Hunc
594 1821 728 1862 locum
750 1821 966 1873 Pacuvius,
1001 1834 1248 1875 quamquain
1279 1823 1322 1863 in
1354 1835 1401 1863 ea
1431 1822 1571 1864 fabula
1603 1836 1699 1865 con-

330 1896 548 1937 scribenda
570 1895 811 1949 Sophoclem
830 1897 1015 1938 imitatus
1033 1908 1121 1938 esse
1138 1896 1315 1947 videtur,
1339 1897 1437 1949 quin
1459 1897 1509 1938 de
1530 1910 1604 1939 suo
1628 1899 1700 1940 ad-

329 2020 389 2054 sed
408 2020 492 2054 Sors
516 2021 612 2055 varia
629 2025 663 2055 et
678 2021 881 2056 inconstans
898 2021 1058 2065 bonaque
1084 2027 1231 2056 externa
1247 2021 1350 2056 modo
1369 2021 1581 2057 distribuens
1598 2022 1700 2057 modo

329 2077 488 2121 eripiens.
537 2077 605 2111 His
630 2078 719 2112 enim
753 2089 830 2113 cum
864 2088 900 2113 se
933 2079 1114 2113 immotum
1147 2079 1235 2113 sciat
1260 2079 1437 2122 Diogenes
1462 2079 1640 2114 Fortunae
1663 2089 1700 2114 se

328 2140 431 2178 negat
456 2134 630 2169 subditum
655 2146 739 2171 esse.

443 2191 471 2234 1)
497 2192 547 2226 Cf.
575 2192 661 2227 Tab.
681 2196 747 2236 7,1.
796 2193 885 2228 Cum
904 2193 990 2227 Tab.
1010 2196 1041 2237 7,
1059 2196 1078 2226 2
1097 2198 1130 2227 et
1156 2195 1210 2237 31,
1231 2196 1250 2227 5
1276 2194 1319 2229 cf.
1344 2195 1421 2228 Dio.
1448 2205 1497 2228 or.
1514 2196 1558 2228 64
1583 2205 1616 2238 p.
1635 2196 1702 2228 214

328 2248 453 2283 Dind.:
481 2247 560 2282 εἶτα
588 2245 628 2283 ἐν
653 2248 756 2293 μέρει
780 2246 924 2284 τούτων
948 2247 1017 2293 μὲν
1043 2244 1231 2293 ἀφείλετο,
1258 2245 1382 2290 ἄλλοις
1408 2249 1447 2284 δὲ
1477 2249 1604 2285 ἔδωκε.

447 2304 473 2350 2)
501 2307 784 2342 Gubernaculum
810 2307 898 2341 illud
924 2308 1104 2342 Fortunae
1130 2307 1170 2341 de
1195 2317 1235 2341 eo
1261 2307 1337 2342 loco
1363 2307 1538 2351 admonet,
1565 2308 1625 2352 qui
1649 2314 1702 2343 est

329 2363 452 2397 Aesoh.
487 2365 598 2406 Agam
629 2365 706 2398 664.
775 2360 876 2408 Τύχη
909 2363 950 2397 δὲ
983 2358 1226 2397 ναυστολο·ῦσ’
1253 2360 1427 2408 ἐφέζετο,
1466 2359 1512 2404 ὣς
1543 2360 1625 2409 μήτ’
1661 2361 1701 2399 ἐν

329 2413 429 2465 ὅρμῳ
448 2416 613 2464 κύματος
631 2417 744 2465 ζάλην
764 2419 874 2465 ἔχειν,
900 2416 981 2465 μήτ’
1001 2417 1188 2463 ἐξοκεῖλαι
1205 2418 1298 2464 πρὸς
1315 2423 1542 2465 κραταίλεων
1566 2417 1702 2465 χθόνα.

330 2475 382 2510 Cf.
408 2476 487 2511 Dio.
514 2477 594 2513 Chr.
622 2489 671 2512 or.
697 2480 742 2512 64
767 2490 800 2522 p.
826 2481 893 2513 207
918 2479 1024 2513 Dind.
1049 2479 1229 2512 δοκοῦσιν
1256 2478 1296 2512 οἵ
1317 2483 1479 2523 τεχνῖται
1504 2479 1552 2524 τῷ
1576 2475 1701 2525 τρόπῳ

330 2532 394 2575 τῆς
417 2535 650 2578 κατασκευῆς
673 2531 742 2578 τὴν
767 2531 929 2579 δύναμιν
948 2529 1063 2578 αὐτῆς
1081 2533 1516 2579 δεδηλωκέναι·πρῶτον
1540 2534 1608 2580 μὲν
1633 2532 1702 2580 γὰρ

331 2586 482 2632 ε’στηκεν
509 2587 636 2636 ἑτοίμη
662 2588 755 2635 πρὸς
787 2588 832 2626 τὰ
861 2589 966 2636 ἔργα,
1003 2590 1081 2626 εἶτα
1118 2588 1157 2626 ἐν
1190 2604 1231 2637 τη
1268 2593 1372 2641 δεξιᾷ
1397 2593 1490 2637 χειρὶ
1516 2590 1702 2638 πηδάλιον

330 2644 477 2691 κατέχει
501 2648 575 2691 καὶ,
602 2662 649 2689 ως
674 2662 722 2683 αν
748 2650 847 2684 εἰποι
871 2662 936 2693 τις,
961 2649 1205 2683 ναυτίλλεται.
