1888 3170
880 181 1161 219 -52—

337 291 498 341 Mein).
562 288 837 343 Ξενοκράτης
873 286 1003 332 ὁπότε
1033 307 1096 340 τις
1133 288 1251 348 αὐτῷ
1289 289 1512 344 σχολάζειν
1544 288 1704 346 ἤθελεν

340 360 524 412 οὐδενὸς
545 366 634 404 τῶν
649 363 887 416 ἐγκυκλίων
910 362 1181 417 μαθημάτων
1203 362 1482 418 μετειληφώς,
1505 362 1704 417 ,,οἰ’πιθι“.

338 435 444 489 εἶπε,
478 433 642 489 ,,λαβὰς
665 432 745 477 οὐκ
766 439 874 490 ἔχεις
903 434 1011 490 πρὸς
1032 441 1302 492 φιλοσοφίαν
1319 449 1328 458 ·
1348 441 1417 480 δεῖ
1443 435 1525 492 γὰρ
1546 454 1705 491 προμε-

334 506 555 564 μαλάχθαι
599 506 671 551 διὰ
710 507 883 552 τούτων
914 507 994 565 τὴν
1025 511 1256 567 ψυχήν’“).
1321 514 1462 556 Unum
1488 525 1537 554 ea
1568 516 1703 554 aetate

337 586 575 626 Aristonem
607 585 666 625 ita
697 596 719 624 a
743 584 893 626 Stoicis
924 585 1182 638 dissensisse,
1213 599 1305 628 cum
1335 587 1501 640 Cynicis
1532 598 1703 627 consen-

337 660 440 700 sisse
472 660 721 710 accepimus,
764 663 810 700 ut
848 659 1012 710 logicen
1053 664 1093 701 et
1133 661 1330 713 physicen
1370 660 1491 712 plane
1531 660 1705 700 reiceret

337 732 469 784 (Stob.
505 736 622 784 80.7;
655 736 855 783 82.7,11,
881 733 958 784 15).
1006 735 1072 775 lta
1094 734 1233 786 Stoici,
1261 746 1511 787 quamquam
1543 734 1702 774 ethicen

335 807 483 848 ceteris
501 806 787 858 philosophiae
805 807 992 858 partibus
1009 809 1319 859 anteponebant
1334 809 1490 860 basque
1506 811 1702 859 tanquam

333 882 600 922 administras
621 880 734 921 illius
756 891 846 921 esse
870 881 1074 932 volebant,
1107 885 1246 923 tamen
1268 883 1414 934 primis
1435 885 1529 933 post
1550 885 1703 922 sectam

333 956 540 998 conditam
575 955 750 995 saeculis
789 955 1012 1006 plurimum
1053 956 1095 996 in
1138 956 1305 1008 physice
1345 960 1386 998 et
1416 956 1546 1007 logice
1577 955 1705 997 studii

336 1034 693 1081 consumpserunt,
726 1033 972 1081 tantumque
1003 1030 1123 1070 abest
1153 1034 1199 1071 ut
1229 1035 1341 1072 recte
1373 1030 1423 1071 de
1453 1030 1529 1070 hac
1559 1042 1604 1070 re
1635 1041 1698 1071 ex·

333 1104 518 1156 posuerit
532 1103 777 1155 Schaberus,
795 1107 842 1144 ut
855 1107 998 1145 contra
1012 1115 1161 1155 magno
1175 1103 1339 1145 demum
1353 1104 1552 1156 temporis
1569 1105 1705 1156 spatio

334 1178 551 1219 interiecto
585 1178 680 1219 inde
711 1190 735 1218 a
765 1177 977 1218 Pancratii
998 1182 1040 1218 et
1059 1177 1273 1218 Posidonii
1304 1182 1441 1218 aetate
1471 1177 1706 1219 exstiterint

331 1252 456 1294 Stoici
469 1252 713 1304 philosophi,
732 1252 801 1304 qui
816 1256 856 1292 et
867 1252 946 1303 ipsi
961 1252 1010 1293 de
1021 1252 1155 1293 ethice
1169 1252 1257 1293 sola
1268 1252 1396 1293 libros
1408 1256 1705 1304 componerent

334 1332 389 1379 et,
422 1340 672 1380 quamquam
703 1327 752 1367 ad
777 1327 935 1368 animos
955 1327 1263 1378 praeparandos
1293 1331 1334 1367 et
1355 1327 1600 1368 coercendos
1622 1339 1703 1368 non

331 1402 544 1454 negabant
560 1403 819 1453 aliquantum
832 1401 971 1442 valere
985 1401 1274 1452 eruditionem,
1290 1405 1444 1453 tamen,
1461 1413 1513 1441 ne
1530 1401 1703 1442 nimium

329 1477 389 1517 eis
406 1477 697 1527 tribueremus,
716 1477 840 1516 etiam
858 1481 982 1528 atque
999 1476 1123 1516 etiam
1136 1481 1353 1517 monerent
1365 1475 1407 1525 2²).
1441 1477 1476 1517 E
1494 1476 1703 1528 prioribus

333 1550 482 1592 Stoicis
513 1550 766 1603 philosophis
792 1562 897 1591 unus
926 1551 1065 1591 Aristo
1077 1548 1110 1602 3)
1141 1548 1499 1603 προπαιδεύματα
1528 1555 1575 1592 ut
1605 1551 1704 1591 vilia

330 1628 369 1665 et
410 1638 517 1666 vana
559 1638 679 1666 verae
721 1625 945 1666 eruditioni
985 1625 1227 1677 opposuisse
1266 1625 1519 1676 perhibetur.
1590 1625 1704 1674 Quae

447 1762 473 1804 ¹)
504 1761 632 1796 Similis
656 1761 849 1795 sententiae
874 1766 927 1795 est
950 1760 1038 1794 illud
1064 1761 1157 1804 quod
1189 1760 1303 1795 fertur
1328 1761 1551 1806 Pythagorae
1576 1772 1610 1804 p.
1635 1762 1702 1795 493

330 1817 504 1851 Mullach:
532 1812 580 1857 ὡς
607 1814 677 1861 πρὸ
704 1818 778 1851 τῶν
803 1813 971 1861 μεγάλων
996 1817 1207 1860 μυστηρίων
1235 1813 1281 1850 τὰ
1313 1813 1423 1861 μικρὰ
1454 1815 1702 1860 παραδοτέον,

328 1874 392 1908 καὶ
416 1871 486 1915 πρὸ
514 1875 743 1919 φιλοσοφίας
767 1875 955 1908 παιδείαν,
1004 1874 1170 1908 Similiter
1197 1874 1356 1908 Crantor.
1389 1875 1478 1908 Exc.
1512 1886 1530 1906 e
1554 1886 1598 1908 m.
1623 1873 1702 1908 flor.

331 1933 388 1966 Jo.
414 1932 514 1965 Dam.
539 1933 573 1965 in
601 1933 684 1966 edit.
710 1932 805 1966 Stob.
833 1932 983 1966 Meinek.
1011 1931 1061 1965 IV
1086 1943 1120 1975 p.
1148 1933 1228 1965 192:
1272 1927 1448 1975 Κράντωρ
1483 1928 1585 1974 ἔλεγε
1611 1927 1701 1974 μήτε

329 1985 526 2022 δύνασθαί
546 2001 628 2022 τινα
660 1985 705 2022 τὰ
739 1984 880 2032 μεγάλα
911 1984 981 2032 πρὸ
1016 1989 1088 2021 τῶν
1123 1989 1262 2032 μικρῶν
1286 1989 1490 2033 Ῑμυηθῆναι
1519 1982 1600 2031 μήτ’
1633 1981 1702 2021 οὖν

329 2042 390 2080 ἐπὶ
427 2047 657 2090 φιλοσοφίαν
693 2043 820 2080 ἐλθεῖν
854 2046 940 2090 πρὶν
974 2042 1014 2080 ἐν
1046 2050 1125 2085 τοῖς
1162 2042 1368 2090 ἐγκυκλίως
1405 2046 1701 2088 διαπονηθῆναι.

330 2105 431 2138 Philo
465 2104 538 2137 lud.
574 2115 693 2147 congr.
728 2115 785 2148 qu.
821 2105 919 2138 erud.
953 2109 1041 2147 grat.
1079 2104 1163 2148 §32
1201 2100 1267 2147 χρὴ
1306 2099 1497 2145 δἐἰὸέναι,
1535 2097 1592 2136 ὅτι
1628 2103 1701 2136 τῶν

327 2157 496 2205 μεγάλων
527 2156 754 2195 ὑποθέσεων
790 2157 931 2205 μεγάλα
964 2160 1028 2194 καὶ
1061 2157 1108 2194 τὰ
1140 2161 1318 2204 προοίμια
1351 2158 1446 2194 εἶναι
1478 2158 1701 2204 συμβέβηκε.

326 2219 493 2262 ΙΠεγίστη
519 2213 739 2257 δ’ὑπόθεσις
765 2213 876 2262 ἀρετή
898 2245 903 2252 .
923 2245 932 2251 .
950 2245 958 2252 .
991 2213 1157 2256 Εἰκότως
1183 2212 1253 2251 οὖν
1279 2212 1324 2251 ου’
1351 2215 1502 2262 βραχέσι
1526 2213 1700 2260 χρήσεται

326 2276 556 2319 προοιμίοις,
583 2270 672 2308 ἄλλα
699 2275 950 2320 γραμματικῇ,
985 2275 1207 2321 γεωμετρίᾳ,
1242 2269 1486 2321 ἀστρονομίᾳ,
1511 2271 1700 2318 ῥητορικῇ,

332 2334 505 2378 μουσικῇ,
530 2334 574 2378 τῇ
601 2328 690 2377 ἄλλῃ
717 2333 845 2378 λογικῇ
871 2333 1015 2380 θεωρίᾳ
1039 2328 1150 2376 πάσῃ.
1199 2333 1253 2366 De
1283 2332 1407 2366 ceteris
1433 2332 1590 2366 Philonis
1614 2332 1698 2366 locis

327 2391 395 2424 huc
421 2391 676 2434 pertinentibus
701 2402 732 2424 V.
759 2390 839 2424 infr.
863 2401 896 2433 p.
923 2392 977 2424 94.

443 2447 471 2490 ²)
498 2447 687 2481 Panaetius
711 2452 806 2481 totus
832 2452 910 2481 erat
930 2448 963 2481 in
981 2447 1226 2490 philosophiae
1250 2452 1351 2490 parte
1369 2446 1504 2489 morali,
1522 2446 1565 2480 cf.
1583 2445 1699 2480 Zeller

328 2504 381 2537 III
409 2507 425 2537 1
454 2515 488 2547 p.
515 2506 593 2539 502.
641 2505 697 2537 Ex
721 2504 894 2538 eclecticis
920 2504 979 2547 qni
1005 2505 1166 2538 dicuntur
1190 2504 1407 2547 philosophis
1435 2504 1557 2538 Cicero
1582 2503 1699 2536 omnia

328 2561 543 2595 existimavit
559 2561 799 2605 posthabenda
818 2571 894 2595 esse
912 2561 953 2596 iis
971 2561 1245 2605 quaestionibus,
1264 2571 1352 2604 qnae
1371 2566 1453 2595 sunt
1470 2560 1513 2593 de
1531 2560 1697 2594 moribus.

327 2618 430 2651 Acad.
456 2619 473 2651 Ι
497 2620 530 2661 4,
557 2620 615 2660 15;
642 2618 682 2652 de
708 2618 765 2653 fin.
792 2618 827 2651 ΙΙ
855 2620 923 2660 1,1;
950 2619 1053 2653 Tusc.
1080 2618 1123 2661 V,
1146 2620 1178 2660 4,
1206 2620 1256 2651 10.

443 2674 468 2716 3)
496 2675 599 2717 Diog.
626 2675 744 2709 Laert.
772 2675 805 2708 ΙΙ
830 2677 886 2710 80.
