1888 3170
937 235 991 240 —
1053 216 1078 253 4
1139 234 1190 239 ..-

381 327 430 367 de
462 325 621 366 Tabula
651 325 917 375 testimoniis,
950 326 1098 367 deinde
1129 327 1179 368 de
1210 326 1550 378 philosophorum
1570 326 1749 378 placitis,

381 412 487 452 quae
518 399 595 440 hoc
625 398 764 439 libello
791 399 1070 451 continentur,
1102 404 1191 441 tum
1222 401 1273 441 de
1295 400 1507 451 allegoria,
1539 404 1749 452 postremo

380 474 430 515 de
462 473 627 514 dicendi
657 483 819 524 genere.

622 626 668 678 I.
706 626 789 678 De
827 628 1098 680 veterum
1134 627 1515 681 testimoniis·

498 726 585 767 Duo
617 726 736 766 nobis
768 738 815 766 ex
848 728 1034 767 veterum
1067 727 1230 778 scriptis
1262 727 1350 768 noti
1389 729 1485 768 sunt
1519 725 1753 777 philosophi

382 800 569 850 Cebetes,
603 811 776 852 quorum
799 812 906 840 unus
929 799 1110 841 Socratis
1134 804 1225 842 erat
1244 801 1483 852 discipulus,
1517 799 1751 849 Thebanus,

380 874 486 915 alter
526 873 702 926 Cynicus
743 872 1019 925 Cyzicenus¹).
1082 873 1142 914 De
1182 873 1254 914 illo
1294 885 1545 926 quamquam
1584 874 1752 914 minime

380 949 549 989 tacitam
573 959 616 988 se
637 947 810 998 praebet
830 950 1018 988 veterum
1040 947 1239 988 memoria
1260 959 1391 999 neque
1413 959 1603 988 caremus
1625 947 1753 999 scrip-

382 1027 517 1063 torum
550 1020 665 1072 locis,
697 1020 847 1072 quibus
870 1021 958 1062 eius
989 1020 1062 1061 fiat
1083 1021 1251 1071 mentiO,
1284 1025 1424 1062 tamen
1446 1022 1552 1062 mira
1573 1021 1751 1074 quadam

380 1095 572 1136 fortunae
617 1095 773 1135 invidia
812 1095 980 1145 accidit,
1024 1098 1070 1135 ut
1111 1095 1272 1136 nullum
1310 1095 1361 1136 ad
1400 1107 1474 1136 nos
1520 1095 1754 1147 perveniret

379 1169 676 1220 testimonium,
699 1181 749 1210 ex
765 1181 845 1221 quo
863 1169 1122 1211 dubitatione
1140 1170 1251 1211 omni
1269 1174 1427 1211 remota
1444 1170 1581 1221 colligi
1598 1172 1751 1222 posset,

379 1256 460 1296 quo
491 1256 599 1285 anno
631 1247 754 1286 natus
786 1256 915 1295 quove
946 1248 1133 1286 mortuus
1156 1248 1278 1285 esset.
1331 1245 1446 1295 Quae
1477 1244 1527 1284 de
1546 1244 1633 1284 vita
1665 1243 1753 1284 eius

379 1319 666 1370 comperimus,
698 1318 801 1359 haec
830 1317 919 1359 fere
950 1321 1059 1359 sunt.

495 1391 626 1432 Cebes
658 1403 748 1432 cum
780 1391 951 1432 Simmia
973 1391 1128 1432 Thebis
1160 1391 1319 1432 audivit
1339 1390 1629 1443 Philolaum2);
1661 1394 1755 1443 post

379 1465 556 1507 Athenis
589 1465 770 1507 Socratis
811 1470 902 1507 erat
944 1465 1192 1517 discipulus,
1237 1466 1353 1506 cuius
1392 1465 1610 1517 disciplina
1653 1469 1754 1518 quot

381 1551 511 1580 annos
552 1551 652 1581 usus
696 1540 751 1581 sit
791 1540 1000 1591 explorari
1039 1539 1195 1591 nequit,
1256 1538 1430 1591 Thebis,
1463 1551 1545 1580 non
1575 1540 1753 1581 Athenis

380 1613 543 1655 videtur
582 1613 834 1654 domicilium
876 1613 1072 1654 habuisse
1115 1616 1157 1653 et
1198 1612 1329 1662 illinc,
1371 1613 1532 1665 quoties
1569 1612 1753 1654 Socratis

381 1688 576 1729 audiendi
619 1688 790 1739 cupidus
838 1691 945 1737 erat,
998 1686 1185 1727 Athenas
1232 1687 1448 1737 migrasse.
1523 1687 1753 1739 Xenophon

381 1763 545 1815 quidem
577 1775 722 1804 comm.
747 1762 809 1803 ΙΙΙ
836 1765 899 1811 11,
927 1765 974 1801 17
1009 1761 1221 1802 Socratem
1243 1760 1363 1810 fingit
1394 1761 1496 1802 haec
1527 1761 1752 1802 dicentem:

381 1832 454 1877 διὰ
485 1838 531 1878 τί
559 1835 606 1877 δὲ
633 1836 750 1889 (οἴει)
782 1835 853 1876 καὶ
876 1835 1052 1889 Κέβητα
1082 1834 1155 1876 καὶ
1178 1837 1342 1888 Σιμίαν
1375 1833 1586 1889 Θήβηθεν
1615 1850 1752 1889 παρα-

380 1913 656 1964 γίγνεσθαι.
731 1910 902 1951 Accedit
946 1910 1054 1962 quod
1100 1908 1232 1951 Cebes
1271 1910 1378 1961 apud
1415 1909 1667 1963 Platonemss)
1711 1911 1752 1951 in

379 1985 610 2037 peregrinis
651 1989 907 2026 numeratur=
977 1984 1069 2025 Hac
1104 1984 1286 2025 domicili
1326 1984 1628 2036 longinquitate
1664 1983 1754 2025 fieri

380 2060 535 2111 potuit,
578 2064 625 2100 ut
654 2060 790 2100 rarius
823 2059 892 2099 ille
922 2058 1104 2100 Socratis
1142 2058 1495 2109 disputationibus
1532 2058 1754 2100 interesset

381 2133 432 2173 ob
465 2145 639 2185 eamque
660 2145 829 2174 causam
850 2144 1056 2185 nusquam
1087 2143 1111 2172 a
1132 2132 1307 2173 Platone
1338 2132 1417 2173 nisi
1439 2132 1480 2172 in
1503 2144 1550 2173 eo
1573 2132 1752 2183 dialogo,

380 2207 448 2259 qui
481 2207 646 2249 Phaedo
678 2207 934 2257 inscribitur,
968 2219 1059 2247 cum
1081 2205 1249 2248 Socrate
1281 2206 1515 2257 colloquens
1538 2206 1752 2247 inducere-

381 2286 460 2322 tur.
522 2281 662 2322 Unum
694 2284 868 2330 constat,
901 2279 1065 2321 Platoni
1096 2280 1131 2321 si
1151 2279 1272 2320 fidem
1305 2279 1524 2320 habemus:
1557 2279 1753 2321 Cebetem

381 2355 576 2405 adfuisse,
609 2367 702 2396 cum
733 2354 926 2396 Socrates
957 2365 1149 2406 supremo
1180 2353 1292 2394 vitae
1323 2353 1388 2394 die
1427 2353 1478 2394 de
1508 2354 1752 2395 immortali-

495 2468 529 2512 1)
555 2468 608 2502 De
639 2478 708 2511 quo
740 2479 770 2500 v.
797 2467 925 2502 Athen.
952 2466 1002 2500 IV
1032 2467 1074 2500 45
1107 2477 1139 2509 p.
1176 2467 1240 2499 156
1267 2465 1299 2499 d.
1354 2466 1502 2500 Videtur
1533 2466 1602 2501 hoc
1626 2477 1752 2501 nomen

381 2526 598 2561 rarissimum
628 2524 753 2567 fuisse3
792 2529 934 2568 praeter
964 2523 1043 2558 illos
1073 2533 1180 2558 unum
1210 2523 1373 2565 indagavi
1404 2522 1584 2566 Cebetem,
1620 2523 1754 2567 Vergili

382 2593 531 2624 servum,
556 2592 659 2626 quem
684 2582 845 2617 Donatus
870 2585 1119 2617 commemorat
1143 2580 1206 2614 vit.
1233 2580 1337 2623 Verg.
1363 2582 1384 2614 9
1406 2590 1455 2622 sq.

496 2640 529 2682 ²)
556 2639 646 2674 Plat.
672 2640 803 2674 Phaed.
829 2641 870 2673 61
897 2639 928 2672 d.

498 2695 527 2739 ³)
556 2696 645 2730 Plat.
672 2696 802 2732 phaed.
831 2698 872 2730 59
887 2707 915 2730 c.
