1888 3170
825 187 1108 225 —32-

287 298 504 340 convenire
536 309 627 339 cum
659 296 848 338 Platone.
910 296 995 338 Nos
1027 301 1237 340 auctorem
1268 298 1346 340 hac
1375 298 1418 339 in
1448 311 1492 340 re
1523 299 1652 340 multo

286 372 456 425 propius
475 371 528 412 ad
546 370 706 412 Stoicos
723 371 920 412 accedere
937 370 1046 412 infra
1058 371 1447 414 demonstrabimus.
1497 372 1653 412 Deinde

288 448 326 487 ei
356 447 463 496 loco,
496 445 567 497 qui
597 448 662 486 est
693 444 793 485 Tab.
827 447 896 496 23,
931 448 969 497 4,
1003 444 1273 488 Casaubonus
1303 449 1444 487 monet
1473 445 1655 498 aliquam

289 519 604 560 similitudinem
657 530 749 559 esse
806 531 898 560 cum
955 532 1002 560 eo
1058 520 1245 562 Platonis
1305 521 1409 571 loc0‚
1467 520 1538 570 qui
1594 522 1657 560 est

289 594 449 634 Menex.
488 595 601 633 247e
633 604 691 643 sq.
764 592 876 642 Quos
914 593 1026 635 locos
1057 596 1091 635 si
1124 595 1430 647 comparaveris
1462 594 1570 634 inter
1601 605 1657 643 se,

289 667 473 720 profecto
511 667 560 707 de
597 666 867 707 similitudine
909 667 968 708 illi
1011 670 1262 711 assentieris.
1334 668 1477 720 Neque
1519 670 1659 708 tamen

291 741 385 782 inde
422 741 462 782 id
500 741 608 793 quod
647 739 918 783 Casaubonus
959 742 1044 783 vult
1086 742 1275 785 efficitur.
1337 743 1521 783 Primum
1552 741 1661 782 enim

292 816 471 857 auctoris
527 827 619 856 cum
675 814 849 857 Platone
907 817 1123 858 consensio
1180 822 1267 859 tum
1327 817 1490 858 demum
1546 814 1663 856 testi-

293 889 431 931 monio
470 892 583 930 esset
623 888 932 931 Platonicorum
975 890 1014 930 111
1059 903 1231 933 numero
1274 891 1389 931 illum
1432 889 1662 942 putandum

295 977 408 1015 esse,
442 964 476 1004 si
507 963 628 1005 Plato
661 975 709 1004 ea
747 964 789 1004 in
821 977 865 1005 re
902 977 927 1005 a
959 965 1107 1007 ceteris
1138 964 1481 1018 philosophorum
1513 963 1663 1005 scholis

296 1038 584 1089 dissensisset;
615 1049 720 1089 quae
741 1050 838 1079 vero
870 1050 951 1079 non
985 1040 1115 1080 solum
1140 1040 1248 1092 apud
1269 1039 1499 1089 Platonem,
1524 1050 1665 1078 verum

295 1114 422 1156 etiam
462 1112 569 1164 apud
609 1112 714 1153 alios
755 1111 1023 1165 philosophos
1066 1114 1266 1166 plurimos
1313 1113 1582 1154 inveniuntur
1612 1134 1665 1138 -

300 1200 404 1238 eam,
438 1187 486 1228 de
508 1198 589 1238 qua
609 1186 783 1238 agimus,
817 1188 1066 1228 sententiam
1087 1187 1235 1230 Stoicis
1258 1188 1516 1229 tritissimam
1539 1186 1669 1227 fuisse

298 1261 408 1303 infra
440 1260 705 1303 ostendemus
736 1284 803 1312 —‚
835 1261 886 1302 iis
918 1261 1021 1302 nihil
1053 1262 1103 1303 de
1134 1263 1318 1303 auctoris
1349 1261 1508 1302 familia
1540 1259 1669 1300 evinci

300 1340 412 1377 recte
434 1338 574 1376 monet
594 1335 828 1376 Feurlinus.
882 1336 1051 1377 Accedit
1072 1337 1202 1378 aliud:
1235 1337 1307 1377 illa
1331 1336 1439 1377 enim
1463 1334 1671 1377 sententia

303 1410 413 1463 apud
436 1410 652 1451 Platonem
676 1421 758 1450 non
779 1410 972 1461 occurrit,
1006 1411 1085 1451 nisi
1112 1423 1194 1452 uno
1225 1411 1296 1453 illo
1318 1409 1538 1452 Menexeni
1564 1409 1672 1458 loco;

304 1486 392 1526 eius
425 1488 565 1525 autem
597 1483 753 1535 dialogi
785 1484 1013 1525 auctoritas
1047 1488 1110 1525 est
1142 1484 1427 1526 infirmissima
1439 1483 1483 1536 1).
1535 1482 1672 1524 Minus

303 1560 429 1600 etiam
462 1558 692 1599 audiendus
725 1561 789 1598 est
820 1556 1006 1608 Wolfius,
1040 1559 1110 1610 qui
1142 1559 1308 1601 Pinacis
1341 1562 1551 1600 auctorem
1583 1556 1674 1596 Pla-

303 1633 489 1674 tonicum
526 1631 655 1673 fuisse
687 1634 828 1673 censet
858 1635 1029 1683 propter
1066 1644 1155 1673 eam
1189 1644 1296 1685 quae
1332 1633 1441 1673 inter
1471 1630 1675 1672 Tabulam

304 1711 346 1749 et
375 1706 563 1748 Platonis
606 1706 658 1747 ad
689 1705 981 1747 Aristodorum
1018 1705 1283 1759 epistula1n2)
1325 1706 1546 1747 intercedit
1582 1717 1677 1746 con-

305 1782 553 1823 sensionem.
607 1780 667 1821 Ut
698 1781 890 1821 omittam
913 1791 1114 1831 quaerere
1136 1781 1186 1821 de
1217 1781 1470 1822 auctoritate
1492 1778 1678 1820 Platonis

306 1868 412 1908 quae
443 1855 634 1896 feruntur
672 1854 964 1906 epistularum:
1003 1867 1109 1906 quae
1141 1854 1291 1896 Wolfio
1324 1855 1547 1895 obversata
1584 1854 1679 1893 sunt

306 1929 453 1971 verba:
510 1924 558 1969 τὸ
604 1924 687 1981 γὰρ
718 1927 899 1981 βέβαιον
942 1927 1014 1969 καὶ
1051 1923 1207 1970 πιστὸν
1250 1926 1321 1968 καὶ
1362 1922 1497 1980 ὑγιές,
1545 1928 1676 1966 τοῦτο

310 1999 392 2055 ἐγώ
426 2018 538 2056 φημι
571 1999 683 2043 εἶναι
706 1999 785 2055 τὴν
818 1997 1041 2056 ἀληθινὴν
1063 2003 1348 2056 φιλοσοφίαν,
1379 1996 1454 2049 τὰς
1482 1999 1529 2040 δὲ
1550 1996 1682 2048 ἄλλας

310 2092 352 2117 τε
401 2075 472 2117 καὶ
510 2078 570 2125 εἰς
607 2073 716 2117 ἄλλα
759 2073 990 2125 τεινούσας
1026 2077 1184 2130 σοφίας
1226 2090 1269 2116 τε
1314 2073 1382 2115 καὶ
1431 2071 1684 2127 δεινότητας

312 2149 590 2205 κομψότητας
629 2147 747 2203 οἶμαι
790 2147 1134 2203 προσαγορεύων
1168 2145 1316 2202 ὀρθῶς
1347 2143 1598 2202 ὀνομάζειν,
1635 2161 1684 2189 ea

312 2230 396 2267 tarn
430 2227 513 2267 late
535 2229 691 2278 patent,
724 2230 771 2267 ut
794 2238 845 2267 ex
870 2226 921 2268 iis
945 2226 1235 2278 cognationem
1257 2224 1465 2276 quandam
1487 2224 1683 2264 artiorem

313 2301 422 2341 inter
452 2300 639 2341 Tabulae
671 2304 883 2341 auctorem
924 2303 966 2340 et
1007 2299 1221 2341 Platonem
1262 2309 1524 2350 nequaquam
1562 2297 1687 2337 liceat

314 2377 501 2416 statuere
511 2373 557 2425 ³).

432 2550 458 2593 1)
485 2551 529 2585 cf.
553 2550 680 2593 Zeller,
706 2549 739 2584 d.
764 2549 856 2584 Phil.
881 2549 913 2583 d.
941 2549 998 2583 Gr.
1025 2549 1061 2582 Π
1088 2550 1119 2592 1,
1143 2559 1177 2591 p.
1202 2549 1279 2581 418.

433 2616 460 2662 ²)
486 2618 642 2654 Platonis
667 2618 769 2662 epist.
797 2620 850 2654 10.

435 2688 468 2733 3)
494 2688 650 2723 Platonis
675 2688 893 2731 dialogorum
917 2691 1096 2722 auctorem
1114 2685 1272 2720 Tabulae
1300 2695 1368 2719 non
1393 2684 1552 2727 ignarum
1576 2683 1689 2717 fuisse
