1888 3170
668 210 948 248 —99-

125 319 217 376 ὥρα
249 320 485 375 διαλάμποι
515 346 569 352 -
599 321 843 372 reliquerint
881 332 1120 372 summaque
1150 320 1192 360 in
1225 319 1494 361 describendo

126 397 188 439 usi
207 397 291 437 sint
313 397 526 447 varietate,
549 395 697 437 deinde
719 396 883 446 utrique
904 406 1170 446 personarum
1188 395 1493 436 multitudinem

128 471 246 522 quasi
285 472 455 512 comites
494 469 746 519 addiderint,
788 473 874 509 tum
907 469 996 510 viae
1028 470 1156 519 illius,
1199 482 1278 520 qua
1309 469 1497 510 homines

128 544 179 585 ad
211 545 406 585 virtutem
419 545 450 595 1)
482 544 692 593 nituntur,
732 542 954 594 imaginem
987 543 1264 593 expresserint
1295 543 1360 594 (cf.
1397 543 1496 584 Tab.

133 621 196 668 15,
217 621 240 659 3
272 612 485 669 ἀνάβασις
510 611 638 668 στενὴ
670 614 788 657 πάνυ
819 614 891 656 καὶ
922 610 1146 669 κρημνοὺς
1177 618 1336 669 ἔχουσα
1367 618 1500 658 ἔνθεν

129 689 201 731 καὶ
240 693 372 732 ἔνθεν
410 693 581 743 βαθεῖς,
624 690 702 730 Dio
735 703 771 742 p.
810 693 857 731 15
891 690 917 731 l.
952 693 993 730 5:
1040 684 1065 743 ἡ
1099 688 1146 730 δὲ
1184 689 1306 743 ἑτέρα
1343 687 1501 744 στενήν

130 780 175 806 τε
197 763 268 805 καὶ
290 760 472 806 σκολιὰν
494 763 743 819 καὶβιάιον,
766 759 824 814 ὡς
844 760 947 813 τοὺς
961 766 1189 812 πλείστους
1208 764 1504 818 πειρωμένους

132 834 266 893 αὐτῆς
287 842 484 892 οἴχεσθαι
505 833 614 879 κατὰ
634 840 723 879 τῶν
744 838 1035 891 κρημνών)2);
1057 839 1164 889 apud
1186 839 1502 890 Xenophontem

132 914 223 954 viae
254 913 419 954 virtutis
453 917 493 953 et
523 913 768 953 vitiositatis
800 917 1175 954 commemorantur
1208 918 1289 963 2,1‚
1324 917 1394 963 213
1430 917 1503 963 23;

134 991 206 1038 273
241 991 307 1039 29,
339 987 409 1028 sed
441 988 500 1028 ita
530 991 576 1027 ut
607 986 795 1038 pluribus
828 999 908 1027 non
943 987 1229 1028 describantur
1251 999 1382 1039 neque
1404 987 1505 1028 ima-

134 1062 252 1113 gines
284 1073 424 1102 earum
457 1061 755 1112 exprimantur.

249 1136 365 1177 Haec
394 1137 524 1187 igitur
555 1140 671 1185 sunt,
711 1136 754 1175 in
785 1136 934 1187 quibus
967 1136 1150 1177 Tabulae
1181 1142 1325 1178 auctor
1357 1142 1398 1178 et
1431 1138 1507 1178 Dio

137 1210 396 1251 conveniant.
446 1209 676 1250 Verborum
709 1211 1032 1259 consensionem,
1067 1222 1145 1261 qua
1166 1211 1357 1252 Pinacem
1385 1212 1509 1252 Dioni

139 1289 280 1325 notum
329 1283 458 1324 fuisse
505 1282 726 1333 efficiatur,
774 1296 854 1323 non
901 1283 1163 1337 deprehendi.
1238 1285 1356 1334 Quod
1402 1285 1511 1326 enim

137 1363 312 1411 uterque
354 1358 485 1399 utitur
523 1357 721 1399 vocabulo
753 1355 1035 1411 καθεστηκώς
1074 1359 1170 1410 (Dio
1202 1372 1238 1411 p.
1276 1363 1345 1410 15,
1379 1361 1403 1401 l.
1443 1363 1512 1411 193

139 1433 239 1474 Tab.
276 1431 410 1483 18,1),
453 1432 555 1472 alias
586 1432 660 1472 hac
691 1431 992 1482 significatione
1024 1432 1132 1472 haud
1170 1433 1406 1486 frequenter
1443 1435 1514 1475 ad-

139 1505 336 1558 hibito3),
384 1505 478 1545 huic
526 1506 584 1545 rei
634 1517 716 1545 non
763 1506 939 1546 multum
991 1506 1208 1547 tribuerim
1261 1508 1515 1560 momenti‘O.

141 1580 298 1621 Deinde
330 1578 438 1631 quod
476 1579 554 1620 Dio
586 1591 624 1630 p.
662 1581 710 1618 15
744 1578 769 1618 l.
803 1581 855 1618 20
894 1578 1142 1629 Legitimam
1175 1580 1513 1622 Dominationem

142 1655 183 1695 in
215 1654 318 1695 solio
350 1653 449 1694 facit
489 1653 700 1694 sedentem
744 1651 809 1704 (cf.
847 1651 947 1693 Tab.
991 1654 1137 1704 21,3),
1180 1667 1282 1706 quae
1320 1656 1456 1708 imago
1495 1668 1518 1696 a

142 1728 418 1779 Xenophonte
449 1728 588 1768 aliena
617 1731 694 1777 est,
726 1727 793 1767 vix
822 1739 923 1778 opus
947 1730 1009 1768 est
1032 1740 1211 1779 monere,
1245 1742 1368 1781 quam
1400 1730 1520 1771 facile

143 1804 213 1844 ille
244 1803 286 1843 in
318 1803 540 1852 allegorica
576 1801 695 1852 regni
728 1805 769 1842 et
801 1802 1030 1853 tyrannidis
1069 1802 1345 1854 descriptione
1385 1809 1431 1845 ut
1462 1806 1522 1846 ita

145 1875 320 1928 fingeret
361 1876 505 1917 adduci
539 1876 740 1927 potuerit,
784 1876 947 1917 etiamsi
980 1876 1146 1918 Cebetis
1178 1877 1337 1919 Tabula
1369 1879 1405 1920 ei
1438 1892 1520 1920 non

146 1951 449 1992 obversaretur.
462 1950 494 2001 ⁵)

262 2063 290 2107 1)
316 2064 422 2107 Apud
461 2063 610 2097 Dionem
643 2063 688 2096 ad
731 2063 968 2107 tyrannidem3
1012 2075 1089 2098 cum
1123 2065 1214 2098 enim
1257 2065 1299 2099 de
1338 2068 1522 2111 tyrannide

148 2125 183 2156 et
207 2131 314 2164 regno
339 2121 465 2164 agitur,
490 2120 567 2164 ipsa
591 2120 682 2153 ratio
708 2119 797 2163 fert,
833 2124 870 2153 ut
906 2119 995 2154 viam
1030 2121 1261 2164 periculosam
1293 2128 1326 2157 et
1352 2124 1524 2158 lubricam

149 2177 324 2223 tyrannidi
361 2177 588 2220 assignemus.
648 2177 745 2211 Haec
781 2177 887 2219 igitur
921 2177 1173 2222 discrepantia,
1212 2190 1302 2223 quae
1339 2186 1392 2215 est
1435 2182 1526 2215 inter

151 2235 425 2279 Xenophontem
451 2240 485 2268 et
509 2235 670 2278 Dionem,
694 2235 770 2277 ipsa
795 2244 831 2267 re
857 2238 892 2268 et
915 2235 1061 2269 materia
1086 2236 1288 2279 requiritur.

270 2298 295 2338 2)
323 2297 398 2332 Hae
422 2298 457 2331 in
483 2309 520 2332 re
547 2298 656 2332 Cebes
680 2302 714 2331 et
739 2297 806 2331 Dio
832 2297 1042 2332 Hesiodeum
1069 2299 1155 2333 illud
1182 2302 1291 2334 secuti
1318 2307 1408 2345 sunt,
1434 2303 1527 2347 quod

152 2359 268 2390 exstat
292 2355 387 2398 apud
412 2355 681 2398 Xenophontem
707 2366 828 2390 comm.
855 2357 887 2398 2,
918 2359 946 2399 l,
963 2358 1015 2390 20.

266 2412 293 2453 ³)
320 2423 350 2445 v.
376 2410 468 2446 infra
492 2416 581 2454 part.
608 2412 670 2447 IV.

267 2474 296 2518 4)
323 2475 408 2510 Cum
434 2474 667 2519 Xenophonte
702 2485 742 2509 ea
775 2476 811 2508 in
846 2486 882 2509 re
908 2476 974 2509 Dio
1011 2478 1188 2521 convenit,
1215 2479 1308 2522 quod
1337 2479 1531 2522 Legitimae

155 2532 393 2567 Dominationi
418 2538 547 2567 vestem
565 2533 692 2568 tribuit
711 2533 933 2577 ‚,candidam“
962 2534 1041 2576 (Dio
1059 2546 1093 2578 p.
1116 2536 1167 2579 15,
1187 2537 1245 2578 223
1273 2537 1361 2571 Xen.
1377 2537 1411 2570 II
1432 2540 1531 2583 1,22)‚

155 2600 232 2624 cum
252 2589 361 2623 Cebes
379 2589 493 2623 Verae
511 2589 733 2625 Eruditionis
758 2594 889 2625 vestem
907 2600 982 2624 esse
999 2590 1083 2625 velit
1102 2592 1315 2635 „simplicem
1335 2599 1533 2639 ornatuque

156 2647 354 2680 carentem“
381 2647 451 2689 (18,
479 2647 521 2690 1).

217 2748 225 2759 χ
273 2699 299 2744 ⁵)
329 2703 496 2738 Forsitan
520 2703 556 2737 id
581 2703 764 2747 presseris,
791 2703 884 2747 quod
913 2709 949 2737 ut
976 2705 1010 2738 in
1029 2706 1168 2739 Tabula
1194 2708 1387 2750 peregrinis
1404 2719 1424 2744 a
1442 2720 1534 2747 sene,

1197 2765 1249 2807 73(-
