1888 3170
149 289 495 343 praetereundus,
536 289 651 329 cuius
684 300 732 329 ex
763 289 916 341 mythis
947 300 1039 329 cum
1070 287 1210 339 multi,
1248 290 1336 328 tum
1373 287 1407 326 is
1438 285 1517 326 huc

150 363 343 414 pertinet,
377 363 446 414 qui
477 365 673 403 narratur
703 361 752 401 de
783 373 866 413 rep.
902 362 938 402 X
970 375 1008 414 p.
1043 365 1124 403 614
1154 360 1274 413 sq.1).

264 435 341 477 Sed
365 436 466 477 haec
488 437 626 477 omnia
657 436 764 476 levia
785 440 896 486 sunt,
928 437 960 477 si
984 448 1072 476 cuni
1096 435 1388 487 allegoriarum
1410 434 1516 475 inul-

152 510 331 551 titudine
369 522 391 551 a
436 510 583 552 Stoicis
613 510 871 562 philosophis
913 511 1175 552 inventarum
1223 521 1268 550 ea
1305 519 1516 561 compara-

150 585 270 625 veris
324 585 401 635 Qui
433 596 493 635 eo,
526 583 635 637 quod
665 596 790 636 supra
821 585 1050 635 tetigimus,
1083 584 1220 626 studio
1253 583 1365 624 ducti
1396 593 1517 634 quain

152 659 322 700 minime
344 664 512 710 possent
536 663 681 699 contra
704 658 955 699 Graecorum
978 658 1028 699 (le
1060 659 1260 710 religione
1292 656 1518 697 sententias

151 733 363 784 pugnandi
394 732 555 773 fabulas
588 745 749 785 quoque
780 732 830 772 de
861 732 923 773 (lis
955 733 1185 784 antiquitus
1216 731 1389 772 traditas
1423 742 1518 771 con-

151 811 386 857 servarunt,
427 808 484 848 ita
519 811 678 858 tamen,
711 812 757 847 ut
788 808 1007 859 allegorice
1039 819 1109 848 eas
1147 808 1520 858 interpretarentur

152 885 192 921 et
224 881 418 933 dogmata
449 893 522 922 sua
553 881 605 923 ad
636 894 774 922 reruni
806 886 997 922 naturam
1029 893 1246 933 moresque
1266 880 1520 933 pertinentia

151 955 201 995 iis
233 956 388 997 vellent
419 955 645 1007 significari
683 961 808 1009 atque
846 955 1107 1009 illustrari2).
1170 956 1295 997 Velut
1327 954 1519 997 Herculis

151 1040 252 1080 apro
270 1033 510 1071 statuerunt
532 1030 742 1081 designari
758 1031 964 1082 libidines,
988 1043 1106 1072 cervo
1128 1031 1351 1082 ignaviam,
1374 1029 1520 1071 avibus

151 1116 296 1144 vanam
330 1117 458 1156 spem,
490 1103 736 1157 Cyclopibus
768 1104 1044 1156 iracundiam,
1079 1104 1197 1147 Circe
1224 1100 1519 1156 voluptatesss).

270 1229 294 1271 ¹)
320 1229 375 1262 Ex
400 1229 466 1264 hoc
483 1229 602 1274 mytho
628 1229 744 1264 nescio
770 1240 815 1264 an
834 1229 1000 1263 nonnulla
1016 1229 1157 1263 Pinacis
1181 1228 1318 1262 auctori
1336 1227 1523 1261 obversata

151 1285 230 1319 sint.
281 1286 331 1320 Cf.
365 1296 442 1321 eum
476 1286 606 1329 locum,
631 1286 692 1329 qui
717 1290 769 1320 est
793 1286 882 1320 Plat.
914 1297 988 1329 rep.
1016 1288 1068 1329 10,
1094 1297 1126 1329 p.
1152 1286 1262 1319 621a:
1294 1282 1429 1328 μέτρον
1454 1280 1523 1326 μὲν

153 1335 221 1375 οὖν
246 1355 280 1375 τι
305 1343 371 1376 τοῦ
397 1336 536 1382 ὕδατος
562 1344 674 1377 πᾶσιν
699 1337 908 1387 ἀναγκαῖον
926 1342 1022 1378 εἶναι
1040 1347 1150 1385 πιεῖν,
1175 1338 1264 1381 τοὺς
1282 1340 1322 1375 δὲ
1341 1336 1525 1386 φρονήσει

151 1412 199 1442 μη
235 1398 469 1444 σωζομένους
501 1399 615 1434 πλέον
640 1402 764 1435 πίνειν
796 1401 863 1434 τοῦ
896 1399 1051 1445 μέτρου
1087 1411 1165 1435 cum
1200 1399 1280 1434 Ceb
1312 1398 1397 1433 Tab.
1425 1400 1522 1441 5sq.:

152 1452 313 1500 πότερον
339 1456 407 1491 οὐν
432 1453 570 1496 πάντες
594 1459 743 1491 πίνουσι
768 1454 832 1491 τὸν
858 1454 1001 1491 πλάνον
1028 1452 1048 1500 ἢ
1077 1452 1142 1499 0v'3
1169 1452 1316 1495 Πάντες
1340 1456 1525 1488 πίνουσιν.

154 1511 251 1558 ἔφη·
266 1509 341 1548 αλλ’
378 1514 417 1548 οἱ
438 1527 506 1558 μεν
539 1518 685 1553 πλεῖον
713 1514 751 1549 οἱ
774 1513 814 1549 δὲ
841 1510 964 1559 ἧττον.
1013 1516 1065 1548 De
1096 1484 1222 1549 ce’teris
1248 1512 1403 1547 Platonis
1427 1511 1524 1556 loeis,

153 1572 211 1614 qui
237 1571 305 1605 huc
323 1571 510 1615 pertinent,
534 1571 695 1615 plurimis
714 1571 825 1606 affero
843 1582 940 1605 conv.
961 1572 1095 1615 203sq.‚
1121 1570 1179 1604 ubi
1206 1566 1332 1613 Πόρος
1350 1573 1385 1603 et
1404 1569 1524 1602 Πενία

154 1629 373 1663 inducuntur.

270 1697 296 1737 ²)
325 1697 408 1731 Cum
435 1696 559 1732 Stoicis
584 1697 745 1732 convenit
768 1696 856 1731 illud
882 1697 1005 1730 Dionis
1032 1696 1152 1739 Chrys.
1171 1696 1206 1729 II
1227 1697 1291 1728 193
1318 1694 1436 1728 Dind.:
1463 1692 1526 1727 καὶ

152 1754 225 1786 τῶν
259 1749 481 1797 φιλοσόφων
515 1749 588 1798 ἤδη
623 1752 721 1793 τινες
753 1754 920 1787 τοιοῦτοι
955 1749 1169 1797 γεγόνασιν,
1204 1746 1292 1786 ὥστε
1319 1747 1454 1785 ὁποῑον
1480 1745 1527 1784 ἂν

153 1811 280 1854 μῦθον
306 1805 328 1854 ἢ
348 1806 460 1854 λόγον
478 1807 638 1856 λα’βωσιν
657 1805 830 1851 ἕλκοντες
855 1810 918 1845 καὶ
943 1807 1166 1850 πλάττοντες
1190 1807 1284 1844 κατὰ
1311 1807 1377 1854 τὴν
1403 1804 1528 1844 αὐτῶν

153 1865 329 1903 διάνοιαν
356 1863 544 1914 ὠφέλιμον
569 1869 632 1903 καὶ
657 1870 864 1917 φιλοσοφίᾳ
890 1867 1080 1913 πρέποντα
1108 1863 1321 1910 ἀπέδειξαν.

274 1938 302 1981 3)
331 1938 382 1973 Cf.
409 1939 571 1982 exempla
597 1948 618 1972 a
643 1938 782 1973 Zellero
816 1939 895 1972 hist.
931 1938 1016 1982 phil.
1043 1938 1102 1973 Gr.
1129 1938 1182 1971 III
1209 1940 1239 1981 1,
1265 1939 1329 1971 312
1355 1942 1527 1979 congesta.

155 1995 269 2029 Huius
303 1995 559 2039 interpretandi
591 1996 738 2029 rationis
771 1995 868 2038 quasi
909 1995 1007 2029 initia.
1040 1994 1252 2038 deprehendi
1285 1994 1379 2037 apud
1413 1994 1528 2027 Xeno-

154 2053 321 2096 phontem
346 2063 467 2086 comm.
493 2054 583 2096 2,6,
610 2055 669 2085 11:
697 2046 720 2085 α
745 2049 814 2095 μὲν
839 2050 882 2085 αἵ
903 2052 1084 2095 Σειρῆνες
1116 2047 1257 2096 ἐπῇδον
1282 2052 1330 2097 τῷ
1353 2045 1528 2093 Οδυσσεῖ,

154 2104 320 2153 ἤκουσας
341 2104 549 2153 Ομήρου..
567 2137 573 2144 .
597 2122 738 2152 ταυτην
766 2121 846 2151 ουν,
875 2106 961 2152 ε’φη,
987 2105 1054 2152 τὴν
1081 2105 1242 2155 ἐπῳδήν,
1269 2101 1295 2141 ὦ
1321 2105 1530 2152 Σώκρατες,

155 2178 218 2199 και
252 2178 309 2199 τοι
313 2179 329 2205 ς
364 2161 487 2206 ἄλλοις
520 2160 739 2210 ἀνθρώποις
771 2179 810 2199 αι
836 2166 1018 2210 Σειρῆνες
1044 2161 1253 2213 επᾴδουσαι
1278 2169 1476 2209 κατεῖχον.

156 2217 245 2256 ὥστε
281 2219 328 2266 μὴ
364 2217 517 2256 απιέναι
551 2236 603 2256 απ
640 2217 765 2256 αὐτῶν
800 2219 889 2262 τοὺς
925 2219 1177 2270 ἐπᾳσθέντας,
1214 2216 1294 2256 Ουκ
1329 2217 1419 2256 αλλὰ
1451 2225 1529 2261 τοῖς

158 2274 212 2313 ἐπ’
253 2274 365 2325 ἀρετῇ
404 2281 736 2324 φιλοτιμουμένοις
773 2274 892 2319 οὕτως
918 2275 1070 2325 ἐπῇδον.
1121 2280 1171 2316 Cf.
1195 2279 1324 2314 ibidem
1350 2282 1386 2320 2,
1412 2282 1444 2323 6,
1469 2282 1529 2322 31;

159 2339 189 2380 1,
213 2339 266 2371 37.
317 2336 484 2371 Similiter
509 2337 612 2371 Plato
637 2337 791 2382 Euthyd.
818 2338 929 2371 2970:
962 2332 1056 2370 πολὺ
1086 2332 1154 2380 γάρ
1185 2332 1260 2370 πού
1289 2334 1361 2380 εἰμι
1387 2331 1529 2380 φαυλό-

157 2406 264 2438 τερος
289 2394 354 2428 τοῦ
379 2388 615 2438 ῑΗρακλεόυς,
641 2389 684 2434 ὃς
709 2389 777 2438 οὐχ
797 2390 874 2433 οἷός
899 2406 937 2428 τε
964 2388 1010 2438 ἦν
1028 2394 1070 2439 τῇ
1096 2405 1134 2427 τε
1162 2388 1257 2441 ὕδρᾳ
1276 2389 1530 2437 διαμάχεσθαι

158 2451 352 2497 σοφιστρίᾳ
391 2446 484 2494 οὔσῃ
518 2451 581 2485 καὶ
615 2448 678 2485 διὰ
711 2447 779 2495 τὴν
814 2451 954 2494 σοφίαν
991 2445 1153 2494 ἀνιείσῃ,
1190 2448 1224 2484 εἰ
1246 2450 1335 2494 μίαν
1360 2446 1531 2494 κεφαλὴν

157 2508 222 2541 τοῦ
248 2503 362 2551 λόγου
388 2520 442 2547 τις
467 2502 665 2553 ἀποτέμοι,
691 2504 829 2548 πολλὰς
854 2503 935 2542 ἀντὶ
960 2508 1025 2552 τῆς
1050 2508 1151 2552 μιᾶς,
1184 2506 1247 2541 καὶ
1273 2507 1435 2553 καρκίνῳ
1460 2505 1532 2540 τινὶ

159 2560 269 2610 ἑτέρῳ
297 2565 465 2611 σοφιστῇ.
505 2565 571 2600 Sed
597 2566 691 2610 apud
708 2566 890 2600 Platonem
916 2570 949 2599 et
967 2565 1233 2609 Xenophontem
1250 2563 1345 2598 haud
1362 2564 1412 2598 ita
1427 2573 1533 2608 saepe

159 2622 241 2656 talia
269 2629 467 2666 occurrunt,
495 2633 572 2656 cum
590 2623 696 2657 Stoici
722 2622 757 2656 in
784 2623 951 2658 eiusmodi
982 2621 1329 2667 interpretationibus
1361 2631 1531 2656 summum

157 2678 309 2726 studium
334 2680 624 2724 consumpserint.
