1888 3170
816 185 1127 223 -106—

289 297 488 348 accidere,
520 301 566 338 ut
597 309 714 338 sua-m
747 300 826 348 ipsi
856 307 1035 338 aetatem
1069 298 1129 337 vel
1160 297 1281 337 inviti
1312 297 1546 347 proderent.
1607 296 1655 338 Id

287 376 425 412 autem
466 376 790 412 consentaneum
828 375 891 412 est
928 371 970 411 in
1003 372 1062 411 eis
1094 370 1218 412 rebus
1249 369 1442 410 facillime
1472 370 1581 421 fieri,
1612 372 1656 411 in

288 457 390 498 quas
418 446 461 485 in
482 445 696 486 scribendo
719 446 888 486 minime
909 445 1240 486 animadvertere
1272 443 1423 494 soleas,
1455 444 1570 484 velut
1611 444 1654 484 in

288 518 642 570 praepositionum
676 531 754 561 usu
784 520 827 560 in
859 519 990 572 iisque
1021 518 1230 559 vocabulis
1263 517 1526 568 adhibendis,
1558 528 1657 569 quo-

288 605 379 632 rum
411 591 561 643 duplex
592 598 682 633 erat
711 592 846 634 forma
878 593 938 633 vel
972 592 1209 642 declinatio,
1249 591 1380 632 alt-era
1411 591 1462 631 ab
1494 591 1658 640 Atticis,

289 667 419 708 altera
459 678 481 706 a
523 667 673 718 κοινῆς
705 679 809 719 quae
850 671 1022 708 vocatur
1066 666 1336 718 scriptoribus:
1367 666 1410 705 in
1441 676 1560 706 usum
1590 676 1659 704 vo-

289 744 390 779 cata.
450 739 563 789 Quae
594 739 695 779 mihi
726 739 848 780 huius
881 740 1045 791 generis
1077 739 1216 780 oblata
1246 743 1360 788 sunt,
1393 738 1657 779 enumerabo.
1686 789 1689 791 ‚

289 812 336 853 Id
368 823 631 863 praemoneo,
665 813 715 853 de
736 813 921 854 codicum
953 813 1158 864 scriptura
1189 825 1270 853 non
1302 814 1361 853 ita
1382 812 1534 864 ubique
1564 823 1659 852 con-

289 891 412 936 stare,
446 890 491 927 ut
522 886 571 927 de
603 887 793 927 omnibus
825 887 925 927 locis
948 892 1104 927 certum
1136 887 1332 928 iudicium
1355 886 1491 927 facere
1521 886 1656 927 liceat.

290 960 373 1000 Eae
396 960 503 1000 enim
527 959 783 1011 collationes,
807 960 954 1012 quibus
977 972 1074 1002 usus
1096 965 1159 1002 est
1182 959 1659 1010 Schweighaeuserus—

291 1034 404 1074 cuius
436 1033 479 1073 in
512 1033 693 1075 editione
724 1033 874 1074 nititur
904 1033 1136 1074 Drosihnus
1175 1057 1248 1084 —,
1290 1034 1557 1074 vehementer
1588 1032 1662 1073 du-

290 1108 376 1148 bito
409 1119 504 1147 num
537 1119 604 1158 ea,
642 1119 765 1158 quam
807 1119 881 1148 nos
912 1107 1033 1148 hodie
1065 1108 1332 1160 requirimus,
1371 1119 1662 1160 usquequaque

291 1193 389 1222 cura
417 1180 553 1222 factae
583 1182 680 1222 sint.
731 1181 1001 1232 Muellerus2)
1031 1188 1170 1223 aut-cm
1191 1194 1273 1222 non
1304 1181 1345 1222 id
1368 1181 1583 1233 spectavit,
1615 1184 1662 1222 ut

291 1255 414 1296 huius
454 1255 550 1296 libri
596 1260 750 1296 textum
783 1256 1074 1307 constitueret,
1117 1256 1188 1296 sed
1225 1261 1271 1296 ut
1308 1256 1515 1296 rationem
1553 1255 1663 1295 inter

291 1330 474 1381 singulos
520 1328 648 1371 libros
689 1331 993 1382 manuscriptos
1037 1334 1255 1382 ceteraque
1303 1331 1363 1370 rei
1404 1329 1574 1370 criticae
1618 1328 1661 1368 in

293 1402 458 1445 Cebetis
489 1403 651 1445 Tabula
683 1404 935 1446 exercendae
966 1404 1207 1446 adiumenta
1237 1402 1563 1444 intercedentem
1595 1414 1662 1442 ex-

291 1479 487 1531 ploraret.
549 1477 752 1527 Quocirca
790 1490 872 1519 non
911 1485 1152 1531 perpetuam
1184 1477 1368 1518 codicum
1401 1478 1665 1518 collationem

293 1553 500 1604 praebuit,
539 1551 609 1593 sed
641 1564 689 1592 ea
722 1553 853 1593 solum
887 1552 1121 1603 exscripsit,
1155 1563 1261 1604 quae
1293 1550 1344 1591 ad
1374 1550 1664 1591 illustrandam

294 1626 494 1668 librorum
533 1626 736 1668 ratonem
776 1626 947 1667 alicuius
991 1626 1191 1667 momenti
1228 1636 1319 1666 esse
1360 1622 1664 1674 videbantur2).

293 1701 357 1742 Ita
390 1700 453 1751 fit,
485 1707 530 1742 ut
561 1701 660 1753 quid
691 1712 853 1753 quoque
885 1702 972 1742 loco
1005 1701 1046 1740 in
1080 1700 1247 1751 optimis
1279 1697 1487 1739 codicibus
1517 1700 1666 1747 exstet,

295 1775 431 1815 minus
464 1778 574 1815 certo
606 1775 803 1825 sciamus3
836 1773 908 1814 sed
939 1773 1002 1814 vel
1034 1774 1099 1825 iis,
1131 1774 1182 1814 de
1209 1772 1358 1824 quibus
1379 1772 1447 1812 vix
1475 1771 1667 1812 dubitare

297 1850 431 1899 liceat,
464 1849 566 1890 satis
600 1859 719 1900 spero
751 1847 971 1899 probatum
994 1848 1058 1900 iri,
1090 1859 1173 1888 non
1203 1847 1326 1898 plane
1356 1845 1542 1887 Tabulae
1574 1855 1666 1885 auc-

295 1928 425 1964 torem
458 1935 548 1964 cum
581 1923 748 1975 optimis
778 1923 978 1963 atticismi
1010 1921 1281 1973 scriptoribus
1313 1919 1543 1960 convenire.

411 1998 546 2049 Atque
566 1999 758 2050 primum,
786 1997 840 2038 ad
861 2008 1011 2038 nomen
1032 1995 1141 2048 quod
1163 1995 1328 2044 attinet,
1351 1994 1453 2035 haec
1474 1992 1575 2034 mihi
1598 1992 1668 2034 ob—

295 2077 497 2112 venerunt
519 2071 571 2112 ab
593 2071 744 2113 Atticis
765 2083 846 2112 non
868 2071 993 2123 plane
1015 2070 1180 2120 reiecta,
1208 2068 1278 2110 sed
1301 2068 1437 2109 rarius
1461 2067 1666 2108 adhibita:

411 2149 474 2196 6,1
510 2146 686 2197 legimus
717 2148 891 2197 πλεῖον,
930 2145 994 2186 cui
1026 2143 1183 2185 formae
1215 2143 1345 2184 Attici
1375 2141 1669 2194 praeferebant

295 2218 484 2272 πλέου.3)
547 2219 622 2261 Cui
659 2221 740 2270 rei,
779 2231 871 2260 cuni
908 2219 1143 2260 Atticorum
1188 2215 1443 2258 consuetudo
1481 2215 1667 2267 fluctuet,

297 2307 379 2336 non
412 2294 586 2336 multum
618 2294 883 2336 tribuendum
917 2305 1007 2335 esse
1038 2292 1229 2334 concedo.

416 2395 442 2438 1)
468 2395 521 2428 De
545 2401 621 2429 arte
648 2395 770 2428 critica
795 2394 875 2428 Ceb.
903 2393 989 2427 Tab.
1017 2393 1133 2427 adhib.
1159 2391 1367 2435 Vireeburgi
1395 2393 1492 2425 1877.

416 2453 443 2495 ²)
471 2452 523 2486 Ne
549 2450 713 2485 Muelleri
739 2450 879 2494 quidem
903 2449 1127 2484 collationem
1152 2453 1351 2483 accuratam
1383 2458 1457 2482 esse
1482 2446 1670 2480 affirmavit

298 2509 493 2551 Knoellius,
519 2508 654 2543 Ztschr.
680 2507 704 2542 f.
730 2507 762 2541 d.
783 2511 906 2542 osterr.
925 2507 1046 2551 Gymn.
1068 2507 1156 2540 1878
1180 2516 1214 2549 p.
1235 2507 1296 2539 101
1313 2515 1382 2549 sq.;
1409 2505 1465 2540 cui
1491 2502 1670 2547 respondit

299 2565 495 2599 Muellerus
519 2564 604 2599 ibid.
633 2565 721 2598 1879
745 2574 779 2607 p.
804 2564 867 2597 251
885 2574 935 2607 sq.
985 2561 1134 2606 (Knoell.
1161 2561 1242 2594 ibid.
1268 2572 1301 2605 p.
1328 2562 1418 2604 336.)

415 2622 443 2665 ³)
470 2621 513 2656 cf.
538 2621 767 2656 Kuehnerum
793 2631 938 2664 gramm.
965 2619 1088 2654 Graec.
1114 2619 1131 2653 I
1155 2629 1188 2662 p.
1206 2620 1273 2653 439
1290 2624 1325 2653 et
1341 2619 1550 2662 scriptorum
1576 2617 1670 2652 locos

297 2678 347 2713 ibi
371 2683 668 2714 oommemoratos.
