<?xml version="1.0" encoding="UTF-8"?>
<!DOCTYPE html PUBLIC "-//W3C//DTD XHTML 1.0 Transitional//EN"
    "http://www.w3.org/TR/xhtml1/DTD/xhtml1-transitional.dtd">
<html xmlns="http://www.w3.org/1999/xhtml" xml:lang="en" lang="en">
 <head>
  <title>
</title>
<meta http-equiv="Content-Type" content="text/html;charset=utf-8" />
  <meta name='ocr-system' content='tesseract 3.04.00' />
  <meta name='ocr-capabilities' content='ocr_page ocr_carea ocr_par ocr_line ocrx_word'/>
</head>
<body>
  <div class='ocr_page' id='page_1' title='image "./cebetistabulaqua00praeuoft_0039.png"; bbox 0 0 1888 3170; ppageno 0'>
   <div class='ocr_carea' id='block_1_1' title="bbox 745 212 1027 250">
    <p class='ocr_par' dir='ltr' id='par_1_1' title="bbox 745 212 1027 250">
     <span class='ocr_line' id='line_1_1' title="bbox 745 212 1027 250; baseline 0 -12"><span class='ocrx_word' id='word_1_1' title='bbox 745 212 1027 250; x_wconf 69' lang='grc'><strong>..31-</strong></span> 
     </span>
    </p>
   </div>
   <div class='ocr_carea' id='block_1_2' title="bbox 195 320 1572 2011">
    <p class='ocr_par' dir='ltr' id='par_1_2' title="bbox 199 320 1571 746">
     <span class='ocr_line' id='line_1_2' title="bbox 202 320 1571 377; baseline -0.003 -12"><span class='ocrx_word' id='word_1_2' title='bbox 202 323 504 365; x_wconf 89' lang='lat' dir='ltr'>recentioribus</span> <span class='ocrx_word' id='word_1_3' title='bbox 539 322 676 374; x_wconf 77' lang='lat' dir='ltr'>sectis,</span> <span class='ocrx_word' id='word_1_4' title='bbox 709 334 881 375; x_wconf 84' lang='lat' dir='ltr'>quarum</span> <span class='ocrx_word' id='word_1_5' title='bbox 905 325 1022 377; x_wconf 80' lang='lat' dir='ltr'>quasi</span> <span class='ocrx_word' id='word_1_6' title='bbox 1056 323 1148 365; x_wconf 88' lang='lat' dir='ltr'>fons</span> <span class='ocrx_word' id='word_1_7' title='bbox 1171 326 1263 365; x_wconf 83' lang='lat' dir='ltr'>erat</span> <span class='ocrx_word' id='word_1_8' title='bbox 1284 320 1468 366; x_wconf 78' lang='lat' dir='ltr'>Socratis</span> <span class='ocrx_word' id='word_1_9' title='bbox 1490 321 1571 362; x_wconf 91' lang='lat' dir='ltr'>dis-</span> 
     </span>
     <span class='ocr_line' id='line_1_3' title="bbox 201 395 1570 449; baseline -0.001 -11"><span class='ocrx_word' id='word_1_10' title='bbox 201 397 368 449; x_wconf 86' lang='lat' dir='ltr'>ciplina,</span> <span class='ocrx_word' id='word_1_11' title='bbox 403 401 500 439; x_wconf 91' lang='lat' dir='ltr'>sunt</span> <span class='ocrx_word' id='word_1_12' title='bbox 531 398 696 439; x_wconf 89' lang='lat' dir='ltr'>iterata.</span> <span class='ocrx_word' id='word_1_13' title='bbox 748 397 894 449; x_wconf 87' lang='lat' dir='ltr'>Itaque</span> <span class='ocrx_word' id='word_1_14' title='bbox 926 397 1228 440; x_wconf 85' lang='lat' dir='ltr'>ostendendum</span> <span class='ocrx_word' id='word_1_15' title='bbox 1254 400 1346 439; x_wconf 82' lang='lat' dir='ltr'>erat</span> <span class='ocrx_word' id='word_1_16' title='bbox 1368 395 1570 438; x_wconf 76' lang='lat' dir='ltr'>Tabulam</span> 
     </span>
     <span class='ocr_line' id='line_1_4' title="bbox 199 468 1570 525; baseline -0.001 -12"><span class='ocrx_word' id='word_1_17' title='bbox 199 471 383 514; x_wconf 90' lang='lat' dir='ltr'>Socratis</span> <span class='ocrx_word' id='word_1_18' title='bbox 419 471 652 525; x_wconf 81' lang='lat' dir='ltr'>praeceptis</span> <span class='ocrx_word' id='word_1_19' title='bbox 685 470 823 512; x_wconf 89' lang='lat' dir='ltr'>favere</span> <span class='ocrx_word' id='word_1_20' title='bbox 855 472 979 512; x_wconf 85' lang='lat' dir='ltr'>etiam</span> <span class='ocrx_word' id='word_1_21' title='bbox 1011 472 1053 512; x_wconf 90' lang='lat' dir='ltr'>in</span> <span class='ocrx_word' id='word_1_22' title='bbox 1083 473 1154 524; x_wconf 91' lang='lat' dir='ltr'>iis,</span> <span class='ocrx_word' id='word_1_23' title='bbox 1186 472 1228 513; x_wconf 93' lang='lat' dir='ltr'>in</span> <span class='ocrx_word' id='word_1_24' title='bbox 1260 470 1410 525; x_wconf 88' lang='lat' dir='ltr'>quibus</span> <span class='ocrx_word' id='word_1_25' title='bbox 1441 483 1467 511; x_wconf 91' lang='lat' dir='ltr'>a</span> <span class='ocrx_word' id='word_1_26' title='bbox 1500 468 1570 511; x_wconf 91' lang='lat' dir='ltr'>So-</span> 
     </span>
     <span class='ocr_line' id='line_1_5' title="bbox 200 543 1571 599; baseline -0.001 -12"><span class='ocrx_word' id='word_1_27' title='bbox 200 550 313 587; x_wconf 83' lang='lat' dir='ltr'><strong>crate</strong></span> <span class='ocrx_word' id='word_1_28' title='bbox 345 546 632 587; x_wconf 90' lang='lat' dir='ltr'>dissenserunt</span> <span class='ocrx_word' id='word_1_29' title='bbox 656 545 789 596; x_wconf 92' lang='lat' dir='ltr'>Plato,</span> <span class='ocrx_word' id='word_1_30' title='bbox 821 545 959 596; x_wconf 86' lang='lat' dir='ltr'>Stoici,</span> <span class='ocrx_word' id='word_1_31' title='bbox 995 545 1151 599; x_wconf 78' lang='lat' dir='ltr'>Cynici,</span> <span class='ocrx_word' id='word_1_32' title='bbox 1183 557 1316 599; x_wconf 90' lang='lat' dir='ltr'>neque</span> <span class='ocrx_word' id='word_1_33' title='bbox 1346 543 1571 597; x_wconf 87' lang='lat' dir='ltr'>quidquam</span> 
     </span>
     <span class='ocr_line' id='line_1_6' title="bbox 200 617 1571 673; baseline 0 -14"><span class='ocrx_word' id='word_1_34' title='bbox 200 620 241 660; x_wconf 93' lang='lat' dir='ltr'>in</span> <span class='ocrx_word' id='word_1_35' title='bbox 279 620 355 661; x_wconf 91' lang='lat' dir='ltr'>hoc</span> <span class='ocrx_word' id='word_1_36' title='bbox 393 631 515 672; x_wconf 84' lang='lat' dir='ltr'>opere</span> <span class='ocrx_word' id='word_1_37' title='bbox 555 619 768 670; x_wconf 82' lang='lat' dir='ltr'>obvenire,</span> <span class='ocrx_word' id='word_1_38' title='bbox 807 619 916 673; x_wconf 87' lang='lat' dir='ltr'>quod</span> <span class='ocrx_word' id='word_1_39' title='bbox 947 620 1026 661; x_wconf 90' lang='lat' dir='ltr'>nisi</span> <span class='ocrx_word' id='word_1_40' title='bbox 1065 620 1116 661; x_wconf 88' lang='lat' dir='ltr'>ab</span> <span class='ocrx_word' id='word_1_41' title='bbox 1155 620 1227 672; x_wconf 92' lang='lat' dir='ltr'>iis,</span> <span class='ocrx_word' id='word_1_42' title='bbox 1265 619 1335 673; x_wconf 90' lang='lat' dir='ltr'>qui</span> <span class='ocrx_word' id='word_1_43' title='bbox 1374 622 1470 672; x_wconf 83' lang='lat' dir='ltr'>post</span> <span class='ocrx_word' id='word_1_44' title='bbox 1500 617 1571 661; x_wconf 89' lang='lat' dir='ltr'>So-</span> 
     </span>
     <span class='ocr_line' id='line_1_7' title="bbox 200 693 1024 746; baseline -0.001 -12"><span class='ocrx_word' id='word_1_45' title='bbox 200 697 356 735; x_wconf 86' lang='lat' dir='ltr'>cratem</span> <span class='ocrx_word' id='word_1_46' title='bbox 387 693 569 744; x_wconf 86' lang='lat' dir='ltr'>fuerunt,</span> <span class='ocrx_word' id='word_1_47' title='bbox 602 693 686 746; x_wconf 92' lang='lat' dir='ltr'>peti</span> <span class='ocrx_word' id='word_1_48' title='bbox 720 705 800 735; x_wconf 92' lang='lat' dir='ltr'>non</span> <span class='ocrx_word' id='word_1_49' title='bbox 832 694 1024 746; x_wconf 89' lang='lat' dir='ltr'>potuerit.</span> 
     </span>
    </p>

    <p class='ocr_par' dir='ltr' id='par_1_3' title="bbox 195 767 1572 1713">
     <span class='ocr_line' id='line_1_8' title="bbox 314 767 1570 820; baseline 0.001 -12"><span class='ocrx_word' id='word_1_50' title='bbox 314 767 378 808; x_wconf 90' lang='lat' dir='ltr'>Ad</span> <span class='ocrx_word' id='word_1_51' title='bbox 422 767 638 809; x_wconf 87' lang='lat' dir='ltr'>Platonem</span> <span class='ocrx_word' id='word_1_52' title='bbox 683 770 829 809; x_wconf 83' lang='lat' dir='ltr'>auctor</span> <span class='ocrx_word' id='word_1_53' title='bbox 872 769 1111 820; x_wconf 86' lang='lat' dir='ltr'>provocavit</span> <span class='ocrx_word' id='word_1_54' title='bbox 1144 771 1210 820; x_wconf 86' lang='lat'>33,</span> <span class='ocrx_word' id='word_1_55' title='bbox 1228 772 1264 810; x_wconf 90' lang='lat'>3.</span> <span class='ocrx_word' id='word_1_56' title='bbox 1336 768 1415 820; x_wconf 88' lang='lat' dir='ltr'>Qui</span> <span class='ocrx_word' id='word_1_57' title='bbox 1457 767 1570 810; x_wconf 90' lang='lat' dir='ltr'>locus</span> 
     </span>
     <span class='ocr_line' id='line_1_9' title="bbox 199 840 1570 895; baseline 0.001 -13"><span class='ocrx_word' id='word_1_58' title='bbox 199 853 291 882; x_wconf 91' lang='lat' dir='ltr'>cum</span> <span class='ocrx_word' id='word_1_59' title='bbox 323 853 484 892; x_wconf 91' lang='lat' dir='ltr'>eorum,</span> <span class='ocrx_word' id='word_1_60' title='bbox 516 841 585 894; x_wconf 89' lang='lat' dir='ltr'>qui</span> <span class='ocrx_word' id='word_1_61' title='bbox 618 840 821 882; x_wconf 88' lang='lat' dir='ltr'>Tabulam</span> <span class='ocrx_word' id='word_1_62' title='bbox 856 841 1022 884; x_wconf 86' lang='lat' dir='ltr'>Cebetis</span> <span class='ocrx_word' id='word_1_63' title='bbox 1053 841 1256 884; x_wconf 83' lang='lat' dir='ltr'>Socratici</span> <span class='ocrx_word' id='word_1_64' title='bbox 1287 855 1378 884; x_wconf 89' lang='lat' dir='ltr'>esse</span> <span class='ocrx_word' id='word_1_65' title='bbox 1408 845 1570 895; x_wconf 88' lang='lat' dir='ltr'>putant,</span> 
     </span>
     <span class='ocr_line' id='line_1_10' title="bbox 198 915 1571 970; baseline 0.001 -13"><span class='ocrx_word' id='word_1_66' title='bbox 198 915 431 957; x_wconf 88' lang='lat' dir='ltr'>sententiae</span> <span class='ocrx_word' id='word_1_67' title='bbox 480 927 716 967; x_wconf 85' lang='lat' dir='ltr'>repugnare</span> <span class='ocrx_word' id='word_1_68' title='bbox 765 917 995 967; x_wconf 91' lang='lat' dir='ltr'>videretur,</span> <span class='ocrx_word' id='word_1_69' title='bbox 1042 917 1101 958; x_wconf 91' lang='lat' dir='ltr'>sic</span> <span class='ocrx_word' id='word_1_70' title='bbox 1156 916 1456 970; x_wconf 83' lang='lat' dir='ltr'>interpretatus</span> <span class='ocrx_word' id='word_1_71' title='bbox 1508 920 1571 958; x_wconf 84' lang='lat' dir='ltr'>est</span> 
     </span>
     <span class='ocr_line' id='line_1_11' title="bbox 197 989 1571 1044; baseline 0 -14"><span class='ocrx_word' id='word_1_72' title='bbox 197 989 455 1031; x_wconf 85' lang='lat' dir='ltr'>Bruckerus:</span> <span class='ocrx_word' id='word_1_73' title='bbox 503 990 716 1040; x_wconf 89' lang='lat' dir='ltr'>„Litterae</span> <span class='ocrx_word' id='word_1_74' title='bbox 756 994 797 1032; x_wconf 90' lang='lat' dir='ltr'>et</span> <span class='ocrx_word' id='word_1_75' title='bbox 837 991 1021 1043; x_wconf 86' lang='lat' dir='ltr'>reliquae</span> <span class='ocrx_word' id='word_1_76' title='bbox 1064 990 1326 1043; x_wconf 86' lang='lat' dir='ltr'>disciplinae,</span> <span class='ocrx_word' id='word_1_77' title='bbox 1364 1001 1470 1044; x_wconf 86' lang='lat' dir='ltr'>quas</span> <span class='ocrx_word' id='word_1_78' title='bbox 1507 989 1571 1032; x_wconf 91' lang='lat' dir='ltr'>vel</span> 
     </span>
     <span class='ocr_line' id='line_1_12' title="bbox 197 1063 1570 1117; baseline 0.001 -13"><span class='ocrx_word' id='word_1_79' title='bbox 197 1064 285 1115; x_wconf 90' lang='lat' dir='ltr'>ipse</span> <span class='ocrx_word' id='word_1_80' title='bbox 316 1063 436 1105; x_wconf 91' lang='lat' dir='ltr'>Plato</span> <span class='ocrx_word' id='word_1_81' title='bbox 475 1063 639 1114; x_wconf 89' lang='lat' dir='ltr'>(iisdem</span> <span class='ocrx_word' id='word_1_82' title='bbox 670 1064 803 1117; x_wconf 86' lang='lat' dir='ltr'>magis</span> <span class='ocrx_word' id='word_1_83' title='bbox 835 1076 959 1117; x_wconf 89' lang='lat' dir='ltr'>quam</span> <span class='ocrx_word' id='word_1_84' title='bbox 990 1077 1067 1117; x_wconf 82' lang='lat' dir='ltr'>par</span> <span class='ocrx_word' id='word_1_85' title='bbox 1105 1069 1168 1107; x_wconf 90' lang='lat' dir='ltr'>est</span> <span class='ocrx_word' id='word_1_86' title='bbox 1199 1064 1381 1116; x_wconf 89' lang='lat' dir='ltr'>deditus)</span> <span class='ocrx_word' id='word_1_87' title='bbox 1412 1064 1570 1106; x_wconf 88' lang='lat' dir='ltr'>adoles-</span> 
     </span>
     <span class='ocr_line' id='line_1_13' title="bbox 197 1137 1570 1192; baseline 0.001 -15"><span class='ocrx_word' id='word_1_88' title='bbox 197 1137 385 1180; x_wconf 87' lang='lat' dir='ltr'>centibus</span> <span class='ocrx_word' id='word_1_89' title='bbox 432 1137 540 1180; x_wconf 90' lang='lat' dir='ltr'>freni</span> <span class='ocrx_word' id='word_1_90' title='bbox 583 1140 718 1180; x_wconf 90' lang='lat' dir='ltr'>instar</span> <span class='ocrx_word' id='word_1_91' title='bbox 761 1151 852 1181; x_wconf 90' lang='lat' dir='ltr'>esse</span> <span class='ocrx_word' id='word_1_92' title='bbox 897 1139 993 1180; x_wconf 88' lang='lat' dir='ltr'>ait.“</span> <span class='ocrx_word' id='word_1_93' title='bbox 1085 1139 1217 1190; x_wconf 85' lang='lat' dir='ltr'>Quam</span> <span class='ocrx_word' id='word_1_94' title='bbox 1265 1139 1317 1181; x_wconf 89' lang='lat' dir='ltr'>ad</span> <span class='ocrx_word' id='word_1_95' title='bbox 1369 1139 1570 1192; x_wconf 87' lang='lat' dir='ltr'>interpre-</span> 
     </span>
     <span class='ocr_line' id='line_1_14' title="bbox 199 1212 1572 1265; baseline 0.001 -13"><span class='ocrx_word' id='word_1_96' title='bbox 199 1212 403 1254; x_wconf 87' lang='lat' dir='ltr'>tationem</span> <span class='ocrx_word' id='word_1_97' title='bbox 435 1216 670 1255; x_wconf 88' lang='lat' dir='ltr'>contortam</span> <span class='ocrx_word' id='word_1_98' title='bbox 702 1225 830 1265; x_wconf 88' lang='lat' dir='ltr'>quare</span> <span class='ocrx_word' id='word_1_99' title='bbox 867 1212 1188 1265; x_wconf 86' lang='lat' dir='ltr'>confugiendum</span> <span class='ocrx_word' id='word_1_100' title='bbox 1221 1214 1293 1265; x_wconf 90' lang='lat' dir='ltr'>sit,</span> <span class='ocrx_word' id='word_1_101' title='bbox 1332 1225 1413 1256; x_wconf 91' lang='lat' dir='ltr'>non</span> <span class='ocrx_word' id='word_1_102' title='bbox 1451 1213 1572 1255; x_wconf 87' lang='lat' dir='ltr'>intel-</span> 
     </span>
     <span class='ocr_line' id='line_1_15' title="bbox 197 1285 1571 1337; baseline 0.002 -11"><span class='ocrx_word' id='word_1_103' title='bbox 197 1285 303 1337; x_wconf 80' lang='lat' dir='ltr'>iego.</span> <span class='ocrx_word' id='word_1_104' title='bbox 364 1286 487 1327; x_wconf 87' lang='lat' dir='ltr'>Unde</span> <span class='ocrx_word' id='word_1_105' title='bbox 517 1287 625 1328; x_wconf 88' lang='lat' dir='ltr'>enim</span> <span class='ocrx_word' id='word_1_106' title='bbox 659 1288 810 1329; x_wconf 90' lang='lat' dir='ltr'>scimus</span> <span class='ocrx_word' id='word_1_107' title='bbox 849 1288 909 1329; x_wconf 87' lang='lat' dir='ltr'>ita</span> <span class='ocrx_word' id='word_1_108' title='bbox 942 1287 1138 1330; x_wconf 86' lang='lat' dir='ltr'>Cebetem</span> <span class='ocrx_word' id='word_1_109' title='bbox 1170 1286 1330 1329; x_wconf 87' lang='lat' dir='ltr'>Socrati</span> <span class='ocrx_word' id='word_1_110' title='bbox 1362 1287 1571 1330; x_wconf 87' lang='lat' dir='ltr'>addictum</span> 
     </span>
     <span class='ocr_line' id='line_1_16' title="bbox 195 1359 1568 1414; baseline 0.002 -14"><span class='ocrx_word' id='word_1_111' title='bbox 195 1359 341 1411; x_wconf 87' lang='lat' dir='ltr'>fuisse,</span> <span class='ocrx_word' id='word_1_112' title='bbox 375 1364 421 1402; x_wconf 93' lang='lat' dir='ltr'>ut</span> <span class='ocrx_word' id='word_1_113' title='bbox 452 1360 555 1402; x_wconf 90' lang='lat' dir='ltr'>nihil</span> <span class='ocrx_word' id='word_1_114' title='bbox 585 1361 753 1404; x_wconf 90' lang='lat' dir='ltr'>aliunde</span> <span class='ocrx_word' id='word_1_115' title='bbox 784 1366 1019 1404; x_wconf 83' lang='lat' dir='ltr'>assumeret</span> <span class='ocrx_word' id='word_1_116' title='bbox 1050 1362 1093 1403; x_wconf 93' lang='lat' dir='ltr'>in</span> <span class='ocrx_word' id='word_1_117' title='bbox 1116 1360 1250 1414; x_wconf 91' lang='lat' dir='ltr'>iisque</span> <span class='ocrx_word' id='word_1_118' title='bbox 1284 1362 1405 1403; x_wconf 89' lang='lat' dir='ltr'>rebus</span> <span class='ocrx_word' id='word_1_119' title='bbox 1439 1361 1568 1403; x_wconf 50' lang='lat' dir='ltr'>omni«</span> 
     </span>
     <span class='ocr_line' id='line_1_17' title="bbox 199 1433 1570 1490; baseline 0.002 -16"><span class='ocrx_word' id='word_1_120' title='bbox 199 1433 276 1475; x_wconf 89' lang='lat' dir='ltr'>bus</span> <span class='ocrx_word' id='word_1_121' title='bbox 308 1447 332 1475; x_wconf 92' lang='lat' dir='ltr'>a</span> <span class='ocrx_word' id='word_1_122' title='bbox 361 1434 532 1477; x_wconf 88' lang='lat' dir='ltr'>Socrate</span> <span class='ocrx_word' id='word_1_123' title='bbox 554 1440 688 1479; x_wconf 90' lang='lat' dir='ltr'>staret</span> <span class='ocrx_word' id='word_1_124' title='bbox 710 1437 750 1478; x_wconf 90' lang='lat' dir='ltr'>in</span> <span class='ocrx_word' id='word_1_125' title='bbox 774 1437 924 1490; x_wconf 90' lang='lat' dir='ltr'>quibus</span> <span class='ocrx_word' id='word_1_126' title='bbox 946 1437 1064 1477; x_wconf 89' lang='lat' dir='ltr'>Plato</span> <span class='ocrx_word' id='word_1_127' title='bbox 1088 1436 1140 1477; x_wconf 89' lang='lat' dir='ltr'>ab</span> <span class='ocrx_word' id='word_1_128' title='bbox 1170 1436 1242 1478; x_wconf 91' lang='lat' dir='ltr'>illo</span> <span class='ocrx_word' id='word_1_129' title='bbox 1270 1435 1570 1488; x_wconf 82' lang='lat' dir='ltr'>recesse1·at‘?¹)</span> 
     </span>
     <span class='ocr_line' id='line_1_18' title="bbox 199 1509 1572 1553; baseline 0.001 -4"><span class='ocrx_word' id='word_1_130' title='bbox 199 1532 250 1536; x_wconf 86' lang='lat'><strong>—</strong></span> <span class='ocrx_word' id='word_1_131' title='bbox 283 1509 317 1550; x_wconf 87' lang='lat' dir='ltr'>si</span> <span class='ocrx_word' id='word_1_132' title='bbox 349 1510 469 1552; x_wconf 86' lang='lat' dir='ltr'>modo</span> <span class='ocrx_word' id='word_1_133' title='bbox 501 1511 542 1551; x_wconf 91' lang='lat' dir='ltr'>in</span> <span class='ocrx_word' id='word_1_134' title='bbox 575 1511 653 1553; x_wconf 89' lang='lat' dir='ltr'>hac</span> <span class='ocrx_word' id='word_1_135' title='bbox 685 1524 729 1553; x_wconf 90' lang='lat' dir='ltr'>re</span> <span class='ocrx_word' id='word_1_136' title='bbox 766 1512 876 1552; x_wconf 86' lang='lat' dir='ltr'>inter</span> <span class='ocrx_word' id='word_1_137' title='bbox 911 1523 956 1552; x_wconf 92' lang='lat' dir='ltr'>se</span> <span class='ocrx_word' id='word_1_138' title='bbox 987 1511 1275 1553; x_wconf 88' lang='lat' dir='ltr'>dissenserunt</span> <span class='ocrx_word' id='word_1_139' title='bbox 1305 1510 1499 1553; x_wconf 87' lang='lat' dir='ltr'>Socrates</span> <span class='ocrx_word' id='word_1_140' title='bbox 1530 1514 1572 1551; x_wconf 90' lang='lat' dir='ltr'>et</span> 
     </span>
     <span class='ocr_line' id='line_1_19' title="bbox 198 1582 1570 1638; baseline 0.001 -15"><span class='ocrx_word' id='word_1_141' title='bbox 198 1582 329 1625; x_wconf 85' lang='lat' dir='ltr'>Plato.</span> <span class='ocrx_word' id='word_1_142' title='bbox 394 1585 472 1626; x_wconf 88' lang='lat' dir='ltr'>Vix</span> <span class='ocrx_word' id='word_1_143' title='bbox 515 1586 624 1627; x_wconf 89' lang='lat' dir='ltr'>enim</span> <span class='ocrx_word' id='word_1_144' title='bbox 669 1586 771 1627; x_wconf 89' lang='lat' dir='ltr'>mihi</span> <span class='ocrx_word' id='word_1_145' title='bbox 813 1585 1086 1638; x_wconf 87' lang='lat' dir='ltr'>persuadeam</span> <span class='ocrx_word' id='word_1_146' title='bbox 1127 1585 1341 1628; x_wconf 85' lang='lat' dir='ltr'>Socratem</span> <span class='ocrx_word' id='word_1_147' title='bbox 1385 1585 1570 1626; x_wconf 85' lang='lat' dir='ltr'>Platonis</span> 
     </span>
     <span class='ocr_line' id='line_1_20' title="bbox 195 1659 1568 1713; baseline 0 -14"><span class='ocrx_word' id='word_1_148' title='bbox 195 1659 446 1701; x_wconf 84' lang='lat' dir='ltr'>sententiam</span> <span class='ocrx_word' id='word_1_149' title='bbox 474 1660 524 1702; x_wconf 89' lang='lat' dir='ltr'>de</span> <span class='ocrx_word' id='word_1_150' title='bbox 553 1661 631 1713; x_wconf 82' lang='lat' dir='ltr'>leg.</span> <span class='ocrx_word' id='word_1_151' title='bbox 651 1661 730 1703; x_wconf 89' lang='lat' dir='ltr'>VII</span> <span class='ocrx_word' id='word_1_152' title='bbox 750 1663 831 1703; x_wconf 78' lang='lat'>808</span> <span class='ocrx_word' id='word_1_153' title='bbox 865 1660 1072 1713; x_wconf 88' lang='lat' dir='ltr'>prolatam</span> <span class='ocrx_word' id='word_1_154' title='bbox 1094 1659 1222 1702; x_wconf 88' lang='lat' dir='ltr'>fuisse</span> <span class='ocrx_word' id='word_1_155' title='bbox 1243 1660 1568 1713; x_wconf 83' lang='lat' dir='ltr'>repudiaturum.</span> 
     </span>
    </p>

    <p class='ocr_par' dir='ltr' id='par_1_4' title="bbox 195 1733 1570 2011">
     <span class='ocr_line' id='line_1_21' title="bbox 309 1733 1570 1787; baseline 0.002 -13"><span class='ocrx_word' id='word_1_156' title='bbox 309 1733 476 1786; x_wconf 89' lang='lat' dir='ltr'>Eorum,</span> <span class='ocrx_word' id='word_1_157' title='bbox 509 1736 579 1787; x_wconf 90' lang='lat' dir='ltr'>qui</span> <span class='ocrx_word' id='word_1_158' title='bbox 607 1734 790 1777; x_wconf 89' lang='lat' dir='ltr'>auctoris</span> <span class='ocrx_word' id='word_1_159' title='bbox 813 1734 863 1776; x_wconf 91' lang='lat' dir='ltr'>de</span> <span class='ocrx_word' id='word_1_160' title='bbox 884 1734 1148 1786; x_wconf 86' lang='lat' dir='ltr'>philosophia</span> <span class='ocrx_word' id='word_1_161' title='bbox 1180 1735 1410 1777; x_wconf 88' lang='lat' dir='ltr'>sententias</span> <span class='ocrx_word' id='word_1_162' title='bbox 1433 1734 1570 1776; x_wconf 87' lang='lat' dir='ltr'>Plato-</span> 
     </span>
     <span class='ocr_line' id='line_1_22' title="bbox 195 1807 1570 1861; baseline 0.002 -13"><span class='ocrx_word' id='word_1_163' title='bbox 195 1807 311 1849; x_wconf 89' lang='lat' dir='ltr'>nicas</span> <span class='ocrx_word' id='word_1_164' title='bbox 352 1820 444 1851; x_wconf 88' lang='lat' dir='ltr'>esse</span> <span class='ocrx_word' id='word_1_165' title='bbox 487 1809 726 1860; x_wconf 90' lang='lat' dir='ltr'>voluerunt,</span> <span class='ocrx_word' id='word_1_166' title='bbox 769 1808 938 1850; x_wconf 88' lang='lat' dir='ltr'>nomina</span> <span class='ocrx_word' id='word_1_167' title='bbox 979 1808 1090 1861; x_wconf 89' lang='lat' dir='ltr'>apud</span> <span class='ocrx_word' id='word_1_168' title='bbox 1126 1809 1366 1850; x_wconf 90' lang='lat' dir='ltr'>Feurlinum</span> <span class='ocrx_word' id='word_1_169' title='bbox 1409 1809 1570 1851; x_wconf 88' lang='lat' dir='ltr'>invenis</span> 
     </span>
     <span class='ocr_line' id='line_1_23' title="bbox 195 1881 1570 1935; baseline 0.001 -13"><span class='ocrx_word' id='word_1_170' title='bbox 195 1886 529 1924; x_wconf 88' lang='lat' dir='ltr'>commemorata.</span> <span class='ocrx_word' id='word_1_171' title='bbox 610 1883 881 1935; x_wconf 84' lang='lat' dir='ltr'>Argumentis</span> <span class='ocrx_word' id='word_1_172' title='bbox 931 1886 1108 1925; x_wconf 90' lang='lat' dir='ltr'>utuntur</span> <span class='ocrx_word' id='word_1_173' title='bbox 1157 1881 1285 1931; x_wconf 85' lang='lat' dir='ltr'>his²):</span> <span class='ocrx_word' id='word_1_174' title='bbox 1349 1882 1570 1925; x_wconf 89' lang='lat' dir='ltr'>Notionem</span> 
     </span>
     <span class='ocr_line' id='line_1_24' title="bbox 195 1956 1570 2011; baseline 0.001 -14"><span class='ocrx_word' id='word_1_175' title='bbox 195 1956 424 2009; x_wconf 89' lang='lat' dir='ltr'>opinionis,</span> <span class='ocrx_word' id='word_1_176' title='bbox 469 1970 576 2011; x_wconf 90' lang='lat' dir='ltr'>quae</span> <span class='ocrx_word' id='word_1_177' title='bbox 617 1961 681 1999; x_wconf 90' lang='lat' dir='ltr'>est</span> <span class='ocrx_word' id='word_1_178' title='bbox 717 1958 758 2000; x_wconf 89' lang='lat' dir='ltr'>in</span> <span class='ocrx_word' id='word_1_179' title='bbox 791 1956 971 2008; x_wconf 89' lang='lat' dir='ltr'>Tabula,</span> <span class='ocrx_word' id='word_1_180' title='bbox 1017 1957 1289 1999; x_wconf 87' lang='lat' dir='ltr'>Casaubonus</span> <span class='ocrx_word' id='word_1_181' title='bbox 1327 1956 1450 2009; x_wconf 87' lang='lat' dir='ltr'>plane</span> <span class='ocrx_word' id='word_1_182' title='bbox 1481 1957 1570 1998; x_wconf 89' lang='lat' dir='ltr'>vult</span> 
     </span>
    </p>
   </div>
   <div class='ocr_carea' id='block_1_3' title="bbox 203 2037 431 2042">
    <p class='ocr_par' dir='ltr' id='par_1_5' title="bbox 203 2037 431 2042">
     <span class='ocr_line' id='line_1_25' title="bbox 203 2037 431 2042; baseline 0 0"><span class='ocrx_word' id='word_1_183' title='bbox 203 2037 431 2042; x_wconf 95' lang='lat' dir='ltr'> </span> 
     </span>
    </p>
   </div>
   <div class='ocr_carea' id='block_1_4' title="bbox 192 2068 1570 2571">
    <p class='ocr_par' dir='ltr' id='par_1_6' title="bbox 192 2068 1570 2571">
     <span class='ocr_line' id='line_1_26' title="bbox 309 2068 1569 2114; baseline 0 -11"><span class='ocrx_word' id='word_1_184' title='bbox 309 2068 343 2114; x_wconf 87' lang='lat'>¹)</span> <span class='ocrx_word' id='word_1_185' title='bbox 368 2069 409 2103; x_wconf 91' lang='lat' dir='ltr'>In</span> <span class='ocrx_word' id='word_1_186' title='bbox 434 2069 537 2114; x_wconf 90' lang='lat' dir='ltr'>longe</span> <span class='ocrx_word' id='word_1_187' title='bbox 568 2070 729 2114; x_wconf 84' lang='lat' dir='ltr'>plurimis</span> <span class='ocrx_word' id='word_1_188' title='bbox 762 2070 932 2113; x_wconf 85' lang='lat' dir='ltr'>dogmatis</span> <span class='ocrx_word' id='word_1_189' title='bbox 958 2069 1139 2113; x_wconf 85' lang='lat' dir='ltr'>Cebetem,</span> <span class='ocrx_word' id='word_1_190' title='bbox 1173 2069 1400 2113; x_wconf 87' lang='lat' dir='ltr'>Aeschinem,</span> <span class='ocrx_word' id='word_1_191' title='bbox 1435 2074 1569 2104; x_wconf 84' lang='lat' dir='ltr'>ceteros</span> 
     </span>
     <span class='ocr_line' id='line_1_27' title="bbox 196 2126 1569 2171; baseline 0.001 -12"><span class='ocrx_word' id='word_1_192' title='bbox 196 2126 358 2170; x_wconf 89' lang='lat' dir='ltr'>minores,</span> <span class='ocrx_word' id='word_1_193' title='bbox 383 2126 443 2170; x_wconf 91' lang='lat' dir='ltr'>qui</span> <span class='ocrx_word' id='word_1_194' title='bbox 468 2132 650 2171; x_wconf 84' lang='lat' dir='ltr'>vocantur,</span> <span class='ocrx_word' id='word_1_195' title='bbox 675 2127 873 2162; x_wconf 88' lang='lat' dir='ltr'>Socraticos</span> <span class='ocrx_word' id='word_1_196' title='bbox 891 2127 1096 2169; x_wconf 89' lang='lat' dir='ltr'>magistrum</span> <span class='ocrx_word' id='word_1_197' title='bbox 1123 2136 1223 2161; x_wconf 90' lang='lat' dir='ltr'>suum</span> <span class='ocrx_word' id='word_1_198' title='bbox 1251 2131 1390 2161; x_wconf 88' lang='lat' dir='ltr'>secutos</span> <span class='ocrx_word' id='word_1_199' title='bbox 1415 2136 1502 2170; x_wconf 88' lang='lat' dir='ltr'>esse,</span> <span class='ocrx_word' id='word_1_200' title='bbox 1527 2137 1569 2161; x_wconf 85' lang='lat' dir='ltr'>ex</span> 
     </span>
     <span class='ocr_line' id='line_1_28' title="bbox 192 2182 1568 2228; baseline 0.002 -12"><span class='ocrx_word' id='word_1_201' title='bbox 192 2182 246 2227; x_wconf 90' lang='lat' dir='ltr'>iis,</span> <span class='ocrx_word' id='word_1_202' title='bbox 275 2192 364 2226; x_wconf 84' lang='lat' dir='ltr'>quae</span> <span class='ocrx_word' id='word_1_203' title='bbox 389 2183 431 2218; x_wconf 91' lang='lat' dir='ltr'>de</span> <span class='ocrx_word' id='word_1_204' title='bbox 459 2194 580 2218; x_wconf 90' lang='lat' dir='ltr'>eorum</span> <span class='ocrx_word' id='word_1_205' title='bbox 606 2183 723 2218; x_wconf 91' lang='lat' dir='ltr'>indole</span> <span class='ocrx_word' id='word_1_206' title='bbox 748 2184 989 2228; x_wconf 87' lang='lat' dir='ltr'>comperimus,</span> <span class='ocrx_word' id='word_1_207' title='bbox 1015 2184 1239 2228; x_wconf 90' lang='lat' dir='ltr'>perspicuum</span> <span class='ocrx_word' id='word_1_208' title='bbox 1264 2188 1327 2218; x_wconf 85' lang='lat' dir='ltr'>est.</span> <span class='ocrx_word' id='word_1_209' title='bbox 1375 2183 1442 2218; x_wconf 90' lang='lat' dir='ltr'>Sed</span> <span class='ocrx_word' id='word_1_210' title='bbox 1466 2184 1503 2217; x_wconf 91' lang='lat' dir='ltr'>in</span> <span class='ocrx_word' id='word_1_211' title='bbox 1526 2184 1568 2219; x_wconf 83' lang='lat' dir='ltr'>iis</span> 
     </span>
     <span class='ocr_line' id='line_1_29' title="bbox 193 2239 1570 2284; baseline 0.001 -11"><span class='ocrx_word' id='word_1_212' title='bbox 193 2239 315 2284; x_wconf 90' lang='lat' dir='ltr'>rebus,</span> <span class='ocrx_word' id='word_1_213' title='bbox 350 2240 478 2284; x_wconf 89' lang='lat' dir='ltr'>quibus</span> <span class='ocrx_word' id='word_1_214' title='bbox 513 2240 627 2275; x_wconf 86' lang='lat' dir='ltr'>minus</span> <span class='ocrx_word' id='word_1_215' title='bbox 660 2241 826 2275; x_wconf 82' lang='lat' dir='ltr'>momenti</span> <span class='ocrx_word' id='word_1_216' title='bbox 851 2239 1074 2274; x_wconf 91' lang='lat' dir='ltr'>tribuendum</span> <span class='ocrx_word' id='word_1_217' title='bbox 1108 2249 1182 2274; x_wconf 89' lang='lat' dir='ltr'>esse</span> <span class='ocrx_word' id='word_1_218' title='bbox 1206 2240 1409 2284; x_wconf 77' lang='lat' dir='ltr'>videbatur,</span> <span class='ocrx_word' id='word_1_219' title='bbox 1441 2240 1570 2275; x_wconf 88' lang='lat' dir='ltr'>ceteris</span> 
     </span>
     <span class='ocr_line' id='line_1_30' title="bbox 193 2297 1569 2342; baseline 0 -11"><span class='ocrx_word' id='word_1_220' title='bbox 193 2307 331 2341; x_wconf 88' lang='lat' dir='ltr'>quoque</span> <span class='ocrx_word' id='word_1_221' title='bbox 365 2298 440 2332; x_wconf 89' lang='lat' dir='ltr'>eius</span> <span class='ocrx_word' id='word_1_222' title='bbox 475 2298 599 2333; x_wconf 88' lang='lat' dir='ltr'>aetatis</span> <span class='ocrx_word' id='word_1_223' title='bbox 635 2298 857 2342; x_wconf 91' lang='lat' dir='ltr'>philosophis</span> <span class='ocrx_word' id='word_1_224' title='bbox 889 2308 950 2333; x_wconf 86' lang='lat' dir='ltr'>eos</span> <span class='ocrx_word' id='word_1_225' title='bbox 984 2307 1088 2332; x_wconf 87' lang='lat' dir='ltr'>aures</span> <span class='ocrx_word' id='word_1_226' title='bbox 1120 2297 1344 2341; x_wconf 79' lang='lat' dir='ltr'>praebuisse,</span> <span class='ocrx_word' id='word_1_227' title='bbox 1375 2297 1451 2341; x_wconf 88' lang='lat' dir='ltr'>ipsa</span> <span class='ocrx_word' id='word_1_228' title='bbox 1475 2297 1569 2331; x_wconf 87' lang='lat' dir='ltr'>ratio</span> 
     </span>
     <span class='ocr_line' id='line_1_31' title="bbox 193 2354 1570 2399; baseline 0.001 -11"><span class='ocrx_word' id='word_1_229' title='bbox 193 2354 306 2389; x_wconf 87' lang='lat' dir='ltr'>docet.</span> <span class='ocrx_word' id='word_1_230' title='bbox 352 2355 406 2390; x_wconf 90' lang='lat' dir='ltr'>De</span> <span class='ocrx_word' id='word_1_231' title='bbox 432 2355 562 2391; x_wconf 90' lang='lat' dir='ltr'>litteris</span> <span class='ocrx_word' id='word_1_232' title='bbox 585 2356 722 2399; x_wconf 86' lang='lat' dir='ltr'>pariter</span> <span class='ocrx_word' id='word_1_233' title='bbox 757 2361 863 2399; x_wconf 87' lang='lat' dir='ltr'>atque</span> <span class='ocrx_word' id='word_1_234' title='bbox 888 2354 1070 2390; x_wconf 87' lang='lat' dir='ltr'>Socratem</span> <span class='ocrx_word' id='word_1_235' title='bbox 1105 2365 1165 2389; x_wconf 90' lang='lat' dir='ltr'>eos</span> <span class='ocrx_word' id='word_1_236' title='bbox 1190 2354 1364 2389; x_wconf 88' lang='lat' dir='ltr'>iudicasse</span> <span class='ocrx_word' id='word_1_237' title='bbox 1390 2354 1490 2389; x_wconf 85' lang='lat' dir='ltr'>testis</span> <span class='ocrx_word' id='word_1_238' title='bbox 1515 2359 1570 2389; x_wconf 87' lang='lat' dir='ltr'>est</span> 
     </span>
     <span class='ocr_line' id='line_1_32' title="bbox 193 2410 1569 2456; baseline 0 -12"><span class='ocrx_word' id='word_1_239' title='bbox 193 2410 359 2446; x_wconf 88' lang='lat' dir='ltr'>Themist.</span> <span class='ocrx_word' id='word_1_240' title='bbox 385 2422 435 2447; x_wconf 91' lang='lat' dir='ltr'>or.</span> <span class='ocrx_word' id='word_1_241' title='bbox 453 2414 508 2454; x_wconf 86' lang='lat'>34,</span> <span class='ocrx_word' id='word_1_242' title='bbox 521 2413 552 2446; x_wconf 86' lang='lat'>5.</span> <span class='ocrx_word' id='word_1_243' title='bbox 595 2411 658 2446; x_wconf 90' lang='lat' dir='ltr'>Cui</span> <span class='ocrx_word' id='word_1_244' title='bbox 675 2422 746 2446; x_wconf 90' lang='lat' dir='ltr'>non</span> <span class='ocrx_word' id='word_1_245' title='bbox 762 2411 1050 2456; x_wconf 85' lang='lat' dir='ltr'>repugnabimus,</span> <span class='ocrx_word' id='word_1_246' title='bbox 1067 2411 1096 2445; x_wconf 88' lang='lat' dir='ltr'>si</span> <span class='ocrx_word' id='word_1_247' title='bbox 1114 2411 1279 2445; x_wconf 87' lang='lat' dir='ltr'>Cebetem</span> <span class='ocrx_word' id='word_1_248' title='bbox 1297 2410 1384 2445; x_wconf 91' lang='lat' dir='ltr'>illud</span> <span class='ocrx_word' id='word_1_249' title='bbox 1402 2411 1569 2445; x_wconf 88' lang='lat' dir='ltr'>iudicium</span> 
     </span>
     <span class='ocr_line' id='line_1_33' title="bbox 194 2468 1569 2514; baseline 0.001 -13"><span class='ocrx_word' id='word_1_250' title='bbox 194 2468 354 2504; x_wconf 87' lang='lat' dir='ltr'>Platonis</span> <span class='ocrx_word' id='word_1_251' title='bbox 379 2470 606 2514; x_wconf 82' lang='lat' dir='ltr'>assumpsisse</span> <span class='ocrx_word' id='word_1_252' title='bbox 633 2475 841 2514; x_wconf 86' lang='lat' dir='ltr'>statuemus,</span> <span class='ocrx_word' id='word_1_253' title='bbox 868 2469 962 2514; x_wconf 86' lang='lat' dir='ltr'>quod</span> <span class='ocrx_word' id='word_1_254' title='bbox 988 2470 1049 2513; x_wconf 90' lang='lat' dir='ltr'>iis,</span> <span class='ocrx_word' id='word_1_255' title='bbox 1076 2479 1165 2514; x_wconf 88' lang='lat' dir='ltr'>quae</span> <span class='ocrx_word' id='word_1_256' title='bbox 1191 2469 1407 2504; x_wconf 87' lang='lat' dir='ltr'>Themistius</span> <span class='ocrx_word' id='word_1_257' title='bbox 1432 2469 1475 2502; x_wconf 88' lang='lat' dir='ltr'>de</span> <span class='ocrx_word' id='word_1_258' title='bbox 1501 2468 1569 2503; x_wconf 89' lang='lat' dir='ltr'>dis-</span> 
     </span>
     <span class='ocr_line' id='line_1_34' title="bbox 194 2526 1371 2571; baseline 0.001 -12"><span class='ocrx_word' id='word_1_259' title='bbox 194 2526 353 2561; x_wconf 90' lang='lat' dir='ltr'>sensione</span> <span class='ocrx_word' id='word_1_260' title='bbox 379 2526 638 2562; x_wconf 87' lang='lat' dir='ltr'>Socraticorum</span> <span class='ocrx_word' id='word_1_261' title='bbox 664 2532 699 2562; x_wconf 91' lang='lat' dir='ltr'>et</span> <span class='ocrx_word' id='word_1_262' title='bbox 724 2527 883 2561; x_wconf 89' lang='lat' dir='ltr'>Platonis</span> <span class='ocrx_word' id='word_1_263' title='bbox 909 2527 1082 2571; x_wconf 82' lang='lat' dir='ltr'>exposuit,</span> <span class='ocrx_word' id='word_1_264' title='bbox 1107 2536 1177 2560; x_wconf 90' lang='lat' dir='ltr'>non</span> <span class='ocrx_word' id='word_1_265' title='bbox 1203 2527 1371 2569; x_wconf 44' lang='lat' dir='ltr'>tangitur,</span> 
     </span>
    </p>
   </div>
   <div class='ocr_carea' id='block_1_5' title="bbox 183 2593 1567 2753">
    <p class='ocr_par' dir='ltr' id='par_1_7' title="bbox 183 2593 1567 2753">
     <span class='ocr_line' id='line_1_35' title="bbox 183 2593 1567 2650; baseline -0.001 -21"><span class='ocrx_word' id='word_1_266' title='bbox 183 2644 192 2650; x_wconf 31' lang='lat' dir='ltr'><em>l</em></span> <span class='ocrx_word' id='word_1_267' title='bbox 310 2593 336 2637; x_wconf 81' lang='lat'>²)</span> <span class='ocrx_word' id='word_1_268' title='bbox 363 2594 417 2629; x_wconf 90' lang='lat' dir='ltr'>De</span> <span class='ocrx_word' id='word_1_269' title='bbox 443 2595 699 2640; x_wconf 85' lang='lat' dir='ltr'>Pythagoricae</span> <span class='ocrx_word' id='word_1_270' title='bbox 736 2595 921 2630; x_wconf 89' lang='lat' dir='ltr'>doctrinae</span> <span class='ocrx_word' id='word_1_271' title='bbox 955 2595 1127 2639; x_wconf 87' lang='lat' dir='ltr'>vestigiis,</span> <span class='ocrx_word' id='word_1_272' title='bbox 1166 2604 1255 2638; x_wconf 88' lang='lat' dir='ltr'>quae</span> <span class='ocrx_word' id='word_1_273' title='bbox 1279 2593 1438 2629; x_wconf 92' lang='lat' dir='ltr'>nonnulli</span> <span class='ocrx_word' id='word_1_274' title='bbox 1464 2594 1567 2628; x_wconf 91' lang='lat' dir='ltr'>docu-</span> 
     </span>
     <span class='ocr_line' id='line_1_36' title="bbox 193 2651 1567 2693; baseline 0.001 -9"><span class='ocrx_word' id='word_1_275' title='bbox 193 2656 309 2685; x_wconf 90' lang='lat' dir='ltr'>mento</span> <span class='ocrx_word' id='word_1_276' title='bbox 334 2661 410 2686; x_wconf 84' lang='lat' dir='ltr'>esse</span> <span class='ocrx_word' id='word_1_277' title='bbox 447 2653 633 2687; x_wconf 84' lang='lat' dir='ltr'>voluerunt</span> <span class='ocrx_word' id='word_1_278' title='bbox 666 2658 846 2688; x_wconf 87' lang='lat' dir='ltr'>auctorem</span> <span class='ocrx_word' id='word_1_279' title='bbox 882 2652 969 2688; x_wconf 90' lang='lat' dir='ltr'>Tab.</span> <span class='ocrx_word' id='word_1_280' title='bbox 998 2652 1216 2687; x_wconf 86' lang='lat' dir='ltr'>Platonicum</span> <span class='ocrx_word' id='word_1_281' title='bbox 1251 2651 1361 2686; x_wconf 87' lang='lat' dir='ltr'>fuisse</span> <span class='ocrx_word' id='word_1_282' title='bbox 1396 2662 1428 2685; x_wconf 87' lang='lat' dir='ltr'>v.</span> <span class='ocrx_word' id='word_1_283' title='bbox 1461 2661 1567 2693; x_wconf 88' lang='lat' dir='ltr'>supra</span> 
     </span>
     <span class='ocr_line' id='line_1_37' title="bbox 191 2710 370 2753; baseline 0.006 -11"><span class='ocrx_word' id='word_1_284' title='bbox 191 2719 226 2752; x_wconf 88' lang='lat' dir='ltr'>p.</span> <span class='ocrx_word' id='word_1_285' title='bbox 252 2710 296 2743; x_wconf 85' lang='lat'>25</span> <span class='ocrx_word' id='word_1_286' title='bbox 321 2719 370 2753; x_wconf 88' lang='lat' dir='ltr'>sq.</span> 
     </span>
    </p>
   </div>
  </div>
 </body>
</html>
