1888 3170
883 202 1162 238 „44-

334 327 415 356 non
449 326 536 355 esse
568 326 614 354 ea
645 326 694 355 ex
726 326 771 356 re
803 313 1027 365 colligitur,
1059 313 1167 365 quod
1197 312 1386 353 homines
1416 312 1466 352 iis
1496 323 1577 353 non
1600 311 1704 353 fiant

334 388 497 429 virtutis
520 387 747 438 studiosi¹),
779 388 870 440 ipsa
897 399 1060 439 quoque
1090 386 1321 428 Stoicorum
1351 385 1514 426 videtur
1534 386 1703 438 propria

334 462 470 503 fuisse.
541 460 659 502 Unus
704 461 802 502 mihi
847 461 953 512 apud
998 460 1314 512 Xenophontem
1361 459 1474 500 locus
1520 459 1701 510 obvenit,

333 547 453 587 quem
475 536 609 586 primo
633 535 781 577 obtutu
808 534 888 575 11110
909 534 1118 586 pertinere
1139 533 1366 574 arbitreris.
1414 532 1703 585 Euthydemus

333 610 441 650 enim
481 610 645 659 (00111111,
685 608 849 659 4,2,9)
889 612 1110 660 propterea
1151 606 1410 648 collaudatur
1451 618 1475 646 a
1518 605 1701 657 Socrate,

332 682 441 735 quod
481 682 712 733 sapientiae
756 694 836 723 non
880 681 1168 732 anteposuerit
1199 692 1314 732 opes;
1361 680 1429 720 ubi
1468 680 1526 720 sic
1565 680 1704 732 pergit

333 755 542 797 Socrates:
578 756 715 809 δῆλον
747 751 830 809 γὰρ
863 751 928 796 ὅτι
964 757 1148 808 νομίζεις
1179 749 1395 807 ἀργύριον
1421 751 1493 793 καὶ
1519 755 1703 806 χρυσίον

334 824 466 870 οὐδὲν
507 831 706 882 βελτίους
749 836 892 870 ποιεῖν
938 824 1040 877 τοὺς
1079 823 1367 881 ἀνθρώπους,
1414 823 1489 876 τὰς
1530 825 1577 868 δὲ
1614 828 1703 867 τῶν

332 905 487 955 σοφῶν
502 898 682 955 ἀνδρῶν
699 900 876 956 γνώμας
888 897 1019 957 ἀρετῇ
1030 904 1275 952 πλουτίζειν
1287 898 1390 950 τοὺς
1401 899 1702 953 κεκτημένους.

333 978 385 1017 At
408 989 532 1028 quam
565 977 688 1027 longe
709 977 811 1018 haec
833 977 987 1018 absunt
1008 989 1033 1018 a
1055 977 1201 1017 stricta
1224 976 1296 1016 illa
1319 974 1702 1027 argumentatione!

331 1050 393 1092 Ne
425 1051 549 1092 verbo
571 1051 737 1103 quidem
762 1051 991 1103 Xenophon
1018 1051 1117 1091 dicit
1143 1063 1234 1091 eam
1255 1048 1361 1091 effici
1385 1048 1701 1099 conclusionem,

333 1128 377 1165 ut
403 1124 572 1165 divitiae
604 1125 645 1165 in
677 1125 796 1166 bonis
819 1137 900 1165 non
924 1125 1009 1166 sint
1030 1123 1323 1165 numerandae.
1370 1123 1515 1174 Neque
1537 1123 1701 1173 mirum,

331 1200 364 1239 si
383 1199 633 1250 cogitaveris
657 1199 704 1239 de
723 1211 783 1249 eo,
807 1199 916 1250 quod
931 1198 1161 1250 Xenophon
1179 1198 1227 1238 de
1245 1197 1401 1239 divitiis
1423 1196 1533 1247 fecit,
1552 1196 1702 1237 iudicio

332 1286 353 1311 a
388 1271 540 1313 Cebete
576 1273 699 1323 plane
739 1271 954 1323 diverso2).
1016 1272 1136 1314 Unde
1167 1272 1432 1312 ratiocinatio
1470 1271 1540 1312 illa
1570 1271 1703 1322 petita

331 1347 404 1398 sit,
442 1359 525 1387 11011
557 1346 790 1398 dubitabis,
832 1348 866 1387 81
899 1359 989 1387 011111
1022 1347 1081 1387 018
1113 1359 1203 1387 eam
1236 1345 1558 1398 comparaveris,
1597 1355 1703 1395 quae

331 1433 380 1462 ex
403 1421 671 1462 sollemnibus
694 1421 925 1463 Stoicorum
958 1420 1371 1472 interrogatiunculis
1397 1420 1552 1461 Seneca
1582 1417 1704 1458 affert

333 1507 396 1546 ep.
431 1498 499 1547 87,
537 1498 606 1536 12:
647 1495 764 1545 Quod
803 1496 955 1536 bonum
989 1500 1068 1545 est,
1107 1495 1237 1536 bonos
1269 1495 1449 1536 facit...
1510 1492 1720 1534 Fortuita*

331 1569 483 1610 bonum
514 1581 595 1610 non
628 1569 804 1611 faciunt:
838 1582 937 1621 ergo
970 1582 1052 1609 non
1083 1574 1178 1611 811111
1210 1570 1330 1610 bona.

446 1644 632 1685 Tertium
679 1649 972 1694 argumentum
1025 1657 1073 1685 ex
1121 1657 1197 1685 usu
1242 1644 1481 1685 divitiarum
1526 1640 1700 1692 petitum

331 1717 549 1769 (39,4*5)
582 1718 631 1759 de
655 1718 704 1758 iis
727 1718 934 1769 admonet,
967 1731 1085 1770 quae,
1120 1717 1492 1759 Pseudo-Platonis
1524 1715 1702 1768 Eryxiae

330 1792 432 1840 (397
453 1792 478 1832 d
512 1791 590 1844 sq.)
635 1793 671 1832 81
713 1791 834 1832 fidem
874 1792 1091 1842 habemus,
1137 1792 1334 1834 Prodicus
1375 1790 1603 1842 disputavit,
1653 1788 1703 1829 de

329 1866 622 1907 aestimatione
654 1867 905 1908 divitiarum.
959 1868 1000 1908 Is
1031 1871 1173 1908 tamen
1205 1867 1307 1907 satis
1339 1865 1457 1906 duxit
1484 1862 1703 1905 ostendere

329 1940 496 1981 divitias
519 1941 583 1991 iis,
607 1941 676 1993 qni
699 1941 803 1982 bene
826 1942 876 1981 iis
898 1941 961 1982 uti
983 1941 1130 1989 sciant,
1165 1940 1285 1991 bona,
1308 1941 1372 1989 iis,
1405 1939 1475 1991 qui
1496 1937 1700 1986 nesciant,

328 2015 435 2054 mala
468 2026 574 2065 0880,
616 2027 748 2066 neque
782 2028 829 2057 eo
867 2027 1113 2067 progressus
1144 2019 1226 2064 est,
1259 2019 1305 2055 ut
1336 2026 1454 2065 opes,
1494 2024 1588 2053 cum
1618 2022 1702 2052 non

329 2093 370 2129 et
401 2089 509 2129 bona
549 2093 591 2130 et
622 2090 731 2130 mala
763 2102 853 2132 esse
884 2094 1072 2141 possent,
1116 2102 1247 2141 neque
1284 2089 1393 2130 bona
1423 2099 1557 2139 neque
1589 2085 1701 2126 mala

329 2174 420 2204 esse
452 2163 725 2214 praedicaret.
799 2163 975 2215 Propius
1014 2164 1067 2204 ad
1098 2163 1501 2215 argumentationem
1534 2159 1700 2201 Cebetis

444 2300 477 2344 1)
504 2299 725 2334 Vocabulum
760 2300 854 2343 quod
885 2306 938 2335 est
969 2300 1175 2338 σπουδαῖος
1207 2298 1418 2333 Schmidtius
1449 2297 1581 2340 (Ethik
1611 2295 1644 2330 d.
1669 2306 1700 2331 a.

329 2358 506 2391 Griechen
531 2357 546 2389 I
571 2368 604 2400 p.
631 2358 714 2399 ⁴535)
742 2364 860 2391 monet
885 2357 929 2391 ab
950 2357 1138 2391 Aristotele
1165 2357 1213 2390 ita
1231 2355 1430 2389 adhibitum
1450 2365 1534 2397 0880,
1559 2360 1597 2387 111
1622 2363 1700 2396 per—

326 2414 456 2448 tineret
487 2414 531 2447 ad
564 2413 821 2448 substantivum
854 2409 978 2457 ἅρετή.
1036 2414 1139 2447 Hunc
1171 2423 1271 2447 usum
1301 2413 1405 2447 Stoici
1436 2412 1596 2446 videntur
1627 2421 1700 2445 esse

327 2471 472 2514 imitati,
504 2471 674 2505 Stobaeus
700 2471 838 2514 quidem
864 2472 940 2513 (ecl.
967 2472 1036 2505 eth.
1068 2483 1103 2515 p.
1130 2472 1173 2504 54
1196 2471 1378 2514 Meineke)
1404 2471 1491 2504 haec
1515 2469 1701 2503 memoriae

326 2527 491 2561 tradidit:
518 2522 666 2570 ἀρέσκει
691 2523 761 2571 γὰρ
786 2528 834 2573 τῷ
859 2540 897 2561 τε
932 2524 1076 2571 Ζήνωνι
1092 2527 1250 2566 καὶτοῖς
1276 2521 1336 2560 (ἐπ’
1364 2521 1507 2560 αὖτοῦν
1533 2529 1701 2564 στωικοῖς

327 2579 552 2627 φιλοσόφοις
570 2581 639 2617 δύο
659 2582 749 2628 γένη
766 2586 839 2618 τῶν
858 2579 1070 2628 ἀνθρώπων
1096 2582 1204 2626 εἶναι,
1230 2579 1270 2617 τὸ
1289 2581 1357 2627 μὲν
1382 2584 1454 2616 τῶν
1473 2583 1699 2624 σπουδαίων,

326 2636 366 2673 τὸ
393 2638 433 2673 δὲ
459 2641 532 2673 τῶν
558 2636 726 2684 φαύλων.

442 2698 474 2742 ²)
501 2698 544 2731 cf.
570 2708 677 2741 supra
700 2709 734 2741 p.
761 2700 816 2734 40.
