1888 3170
695 220 749 225 -
811 202 861 237 :30
929 220 973 225 —

267 312 362 353 Alia
400 313 550 354 deinde
593 313 701 353 inter
740 311 952 353 Socratem
996 316 1038 353 et
1082 310 1267 352 Tabulae
1313 312 1522 350 auctorem

152 386 354 427 dissensio
386 386 436 427 iis
469 386 570 427 locis
602 391 795 437 apparet,
838 386 905 437 qui
949 392 1045 427 sunt
1076 385 1175 427 Tab.
1213 387 1306 434 18‚4
1336 387 1378 424 et
1409 383 1524 432 23,4:

151 471 248 500 vera
285 460 519 500 eruditione
551 459 742 501 oriuntur
780 456 948 510 θάρσος
979 458 1050 499 καὶ
1083 454 1263 511 ἀφοβιά,
1304 457 1342 498 h.
1366 469 1400 497 e.
1434 454 1522 496 ἐπι-

151 529 288 586 στήμη
307 535 386 574 τοῦ
401 530 539 585 μηδὲν
556 529 612 573 ἄν
635 546 738 573 ποτε
757 528 907 573 δεινὸν
926 537 1088 573 παθεῖν
1113 531 1159 573 ἐν
1180 533 1238 587 τῷ
1261 532 1356 586 βίῳ.
1396 530 1438 571 ls
1454 529 1524 580 qui

149 607 201 648 ad
222 607 527 648 beatitudinem
550 606 750 658 pervenit,
783 601 869 658 ἔχει
893 601 975 647 οὐκ
998 605 1044 646 ἐν
1068 604 1228 657 ἑτέροις
1248 600 1324 653 τὰς
1346 603 1522 651 ἐλπίδας

149 681 223 733 τῆς
254 675 536 732 εὐδαιμονίας
567 674 655 719 ἀλλ’
681 678 728 720 ἐν
755 677 906 735 ἑαυτῷ.
959 680 1022 720 Ex
1043 680 1105 720 his
1127 684 1384 731 quantopere
1406 677 1524 718 redo-

149 754 233 796 leat
256 753 395 795 Stoica
417 753 648 806 disciplina,
670 765 791 795 nemo
813 754 1053 805 dogmatum
1071 753 1182 795 illius
1204 756 1342 795 sectae
1364 752 1525 804 peritus

149 841 230 870 non
261 828 388 868 videt.
439 827 676 869 Tritissima
709 828 816 868 enim
845 828 1010 869 illorum
1042 832 1102 869 est
1136 827 1344 869 sententia
1375 837 1466 866 cum
1500 837 1524 866 a

149 903 291 944 multis
313 906 398 942 tum
422 902 474 942 ab
498 901 690 953 Epicteto
714 901 895 951 (dissert.
921 902 1031 953 init,
1065 901 1179 942 ench.
1218 900 1287 953 14)
1320 900 1520 952 exposita,

149 976 349 1029 sapientis
382 975 686 1016 beatitudinem
726 975 839 1016 nulla
883 988 904 1015 e
949 987 992 1015 re
1022 975 1103 1016 nisi
1140 987 1189 1016 ex
1229 974 1357 1026 ipsius
1388 974 1525 1014 animo

147 1050 327 1104 pendere
364 1061 497 1101 neque
538 1048 762 1101 quidquam
804 1061 895 1090 esse
936 1049 1045 1101 quod
1083 1054 1244 1090 metuat
1276 1049 1439 1100 sapiens
1472 1061 1524 1089 ne

148 1124 311 1166 accidat
332 1135 477 1176 quove,
501 1124 535 1165 si
558 1124 769 1174 acciderit,
792 1124 1051 1164 sollicitetur.
1106 1123 1262 1164 Taedet
1283 1123 1524 1164 notissimae

147 1199 207 1240 rei
269 1210 319 1238 ex
374 1201 562 1239 veterum
608 1197 773 1248 scriptis
821 1209 1042 1248 congerere
1093 1198 1350 1247 testimonia;
1403 1197 1524 1237 unius

149 1271 359 1314 Ciceronis
401 1273 555 1322 locum,
601 1271 670 1324 qui
714 1272 766 1312 ad
797 1271 983 1313 Tabulae
1025 1284 1073 1312 ea
1105 1273 1247 1322 verba,
1295 1272 1344 1312 de
1377 1271 1524 1322 quibus

147 1348 332 1399 agimus,
365 1348 550 1399 proxime
572 1346 766 1396 accedat,
799 1346 1187 1398 commenmi·abo¹):
1226 1346 1304 1387 iste.
1330 1346 1392 1386 vir
1414 1345 1524 1386 altus

146 1426 188 1464 et
229 1421 433 1463 excellens
467 1451 474 1459 .
511 1453 519 1461 .
553 1453 561 1471 ,
605 1433 728 1473 quem
772 1421 1032 1472 quaerimuS,
1078 1425 1190 1461 certe
1234 1425 1275 1461 et
1317 1419 1523 1461 confidere

147 1496 226 1537 sibi
258 1495 381 1537 debet
411 1507 459 1536 ac
491 1507 591 1536 suae
623 1496 733 1536 vitae
765 1500 807 1536 et
838 1499 959 1536 actae
992 1500 1033 1536 et
1055 1495 1325 1546 consequenti
1356 1499 1398 1536 et
1420 1495 1524 1536 bene

145 1570 196 1611 de
227 1583 318 1612 sese
349 1570 534 1611 iudicare
567 1575 755 1611 statuens
789 1569 889 1610 nihil
923 1582 1043 1622 posse
1076 1569 1172 1610 mali
1199 1569 1382 1610 incidere
1415 1570 1524 1621 sapi-

145 1643 282 1696 enti2).
337 1645 426 1685 Hoc
458 1648 599 1685 autem
631 1644 865 1685 Stoicorum
897 1646 1110 1696 proprium
1144 1648 1218 1691 est,
1251 1643 1377 1684 animi
1410 1649 1524 1685 tran-

146 1719 397 1772 quillitatem
428 1718 748 1771 philosophandi
779 1719 899 1771 quasi
931 1718 1054 1760 finem
1088 1722 1129 1759 et
1166 1718 1395 1770 praemium
1428 1729 1522 1770 pro—

145 1806 310 1847 ponere.
378 1794 675 1835 Percurramus
721 1793 1008 1845 Xenophontis
1056 1800 1098 1834 et
1141 1793 1328 1834 Platonis
1373 1793 1520 1834 libros:

144 1869 401 1911 inveniemus
435 1868 580 1909 virtuti
604 1867 850 1909 studendum
874 1880 976 1917 esse,
1010 1868 1117 1918 quod
1140 1867 1209 1918 qui
1234 1880 1325 1908 eain
1348 1867 1524 1918 adeptus

144 1944 218 1994 sit,
259 1943 430 1985 summis
472 1942 696 1984 commodis
739 1941 947 1983 afficiatur
989 1947 1028 1982 et
1070 1943 1121 1983 ab
1155 1942 1392 1983 hominibus
1425 1946 1466 1982 et
1498 1954 1521 1982 a

145 2017 251 2067 deis;
286 2017 543 2058 inveniemus
566 2029 703 2069 porro,
728 2029 777 2057 ea
800 2029 843 2057 re
866 2017 1063 2057 virtutem
1087 2016 1382 2067 commendari,
1415 2016 1521 2068 quod

146 2093 279 2134 virtus
298 2092 417 2144 quasi
436 2092 596 2133 sanitas
619 2091 673 2132 sit
691 2091 832 2141 animi⁷
850 2091 997 2132 vitium
1017 2091 1196 2131 morbus.
1248 2092 1303 2132 At
1319 2102 1523 2142 nusquam

146 2190 196 2195 -
219 2167 300 2207 nisi
323 2167 393 2208 illo
416 2166 636 2207 Menexeni
667 2166 770 2216 loco,
795 2166 844 2206 de
866 2177 946 2217 quo
971 2177 1094 2217 supra
1127 2164 1342 2217 diximusss)
1372 2165 1523 2217 quique

148 2241 216 2281 vix
238 2240 424 2282 Platonis
448 2240 751 2282 existimandus
784 2244 847 2280 cst
871 2262 924 2266 —
947 2252 993 2279 ea
1017 2239 1187 2280 virtutis
1218 2243 1259 2280 ot
1291 2239 1523 2291 sapientiae

259 2375 292 2419 1)
318 2375 386 2410 Cic.
412 2375 452 2409 de
477 2374 535 2409 fin.
563 2376 595 2418 3,
620 2376 653 2418 8,
679 2376 732 2408 29.

264 2442 290 2486 ²)
318 2443 451 2477 Eadem
487 2443 592 2477 animi
627 2441 784 2476 condicio
816 2441 851 2474 in
877 2441 1193 2475 Pseudo-Cratetis
1218 2441 1319 2485 epist.
1346 2441 1522 2485 (Hercher

143 2513 178 2545 p.
204 2502 284 2544 212)
311 2500 525 2534 describitur
538 2499 653 2534 verbis
671 2495 737 2532 τὸν
765 2493 824 2542 ἐφ’
845 2495 964 2544 ἑαυτῷ
981 2495 1212 2542 θαρᾇῦντα.
1253 2498 1350 2542 Quae
1368 2499 1523 2542 epistula

90 2583 97 2590 .
144 2559 281 2593 etiamsi
306 2558 456 2602 genuina
482 2568 551 2592 non
577 2563 641 2601 est,
667 2562 784 2591 tamen
809 2562 843 2591 et
859 2556 974 2591 verbis
993 2563 1027 2590 et
1052 2557 1233 2591 sententiis
1260 2556 1441 2591 commode
1468 2562 1522 2591 cst

143 2616 270 2652 efficta.

202 2696 214 2705 s
260 2684 292 2729 ³)
318 2684 361 2722 cf.
387 2696 420 2729 p.
446 2687 501 2719 34.
