1888 3170
837 173 1117 212 ...26-

294 286 496 328 seductus.
559 285 717 335 Quibus
748 285 817 327 ille
846 289 1010 328 tantum
1049 286 1214 337 tribuit,
1256 289 1301 327 ut
1331 286 1531 327 Tabulam
1562 286 1664 328 velit

293 372 384 402 esse
418 360 761 412 „Pythagoricam
784 361 989 413 picturam
1010 361 1261 403 illustratam
1285 359 1468 402 Socratis
1500 365 1664 403 senten-

293 435 362 475 tiis
413 439 454 475 et
486 434 736 485 dogmatis“.
798 435 1039 486 Feurlinus‚
1084 447 1334 487 quamquam
1365 438 1492 486 negat
1536 435 1664 477 ullam

292 508 456 550 Pinacis
489 509 739 550 sententiam
772 509 825 550 ad
856 509 1119 562 Pythagorae
1144 509 1405 561 disciplinam
1429 512 1541 549 certo
1573 521 1664 551 esse

292 581 561 635 referendam,
593 587 735 624 tamen
767 583 827 624 ita
858 583 1070 625 Bruckero
1104 584 1349 634 assentitur,
1389 586 1434 624 ut
1464 584 1665 625 nonnulla

290 656 592 710 Pythagoricae
607 657 894 710 philosophiae
911 659 1085 710 speciem
1103 670 1205 711 prae
1222 670 1266 699 se
1283 658 1392 699 ferre
1410 656 1663 710 coucedat1).

291 730 428 782 Falso,
461 734 506 772 ut
537 731 639 772 mihi
660 731 835 782 videtur,
869 734 1054 784 uterque,
1109 732 1224 782 Quod
1257 732 1365 773 enim
1391 735 1429 782 2,
1455 733 1477 770 2
1512 731 1665 784 Pytha-

291 804 431 855 gorica
474 805 579 846 vita
620 805 812 846 laudibus
855 806 1033 857 tollitur,
1076 805 1170 848 inde
1211 805 1529 858 haudquaquam
1567 805 1665 846 licet

291 879 483 931 colligere
505 883 717 920 auctorem
738 880 862 921 etiam
895 880 1219 932 disciplinam
1253 892 1394 921 eorum
1427 879 1662 931 amplexum

290 966 379 995 esse
410 956 484 994 aut
515 953 791 1006 Pythogorica
821 958 1044 1007 praecepta
1075 955 1181 996 libro
1214 967 1286 996 suo
1320 954 1540 996 illustrare.
1604 954 1665 995 De

289 1024 601 1080 προῦπάρξεως
650 1032 787 1070 autem
839 1029 1032 1081 dogmate
1083 1032 1194 1070 recte
1245 1029 1477 1071 Je1·ra1nius
1531 1028 1662 1080 praef.

290 1115 328 1154 p.
360 1102 503 1144 XXIII
533 1103 712 1154 monuit,
760 1115 852 1145 eam
883 1116 993 1155 rem,
1037 1103 1145 1155 quod
1178 1107 1273 1144 ante
1306 1103 1426 1144 huius
1459 1103 1571 1145 vitae
1602 1103 1664 1144 in-

290 1177 461 1218 troitum
502 1190 655 1219 numen
694 1178 877 1220 divinum
920 1192 952 1220 c.
986 1182 1011 1219 4
1050 1178 1286 1220 hominibus
1327 1178 1376 1219 de
1418 1178 1505 1219 vita
1544 1190 1665 1230 prae-

290 1251 445 1303 cipiens
476 1250 665 1304 fingitur,
699 1252 850 1294 nullius
882 1265 972 1294 esse
1003 1253 1220 1303 momenti,
1253 1265 1344 1293 cum
1377 1253 1419 1292 in
1451 1253 1520 1304 iis,
1559 1265 1665 1304 quae

290 1329 541 1378 sequuntur,
582 1327 690 1368 ratio
733 1339 814 1368 non
855 1326 1078 1368 haberetur
1109 1327 1190 1367 nisi
1222 1326 1343 1367 huius
1374 1326 1496 1368 vitae.
1558 1326 1664 1368 Toto

291 1400 401 1442 enim
444 1400 556 1442 caelo
599 1401 666 1442 hic
707 1401 895 1452 dialogus
938 1399 1076 1442 differt
1117 1413 1139 1442 a
1173 1400 1357 1442 Platonis
1400 1401 1472 1442 illa
1510 1399 1664 1452 fabula,

290 1487 396 1527 quae
428 1476 649 1527 exponitur
680 1476 731 1517 de
763 1487 848 1528 rep.
881 1476 919 1517 X
949 1488 987 1527 p.
1013 1478 1094 1521 614
1113 1488 1187 1527 sq.,
1221 1475 1292 1516 ubi
1322 1488 1456 1518 sermo
1487 1487 1569 1517 non
1602 1478 1666 1517 est

289 1549 370 1591 nisi
402 1549 452 1591 de
485 1550 562 1601 eis,
607 1562 713 1602 quae
759 1553 857 1591 ante
900 1549 1005 1592 hanc
1046 1550 1174 1591 vitam
1212 1550 1419 1591 eveniunt.
1483 1550 1664 1591 Facilius

290 1636 575 1666 commoveare
608 1628 654 1666 ut
676 1625 921 1666 assentiaris
952 1625 1171 1676 Jerramio,
1198 1626 1267 1677 qui
1289 1628 1507 1678 postquam
1539 1625 1664 1677 pluri-

291 1700 366 1742 bus
398 1699 598 1741 Bruckeri
629 1700 879 1741 sententiam
910 1699 1112 1741 refutavit
1144 1704 1186 1741 et
1218 1699 1519 1742 demonstravit
1549 1699 1664 1740 nulla

290 1774 331 1814 in
363 1777 483 1825 parte
504 1774 690 1816 Tabulae
720 1774 781 1815 ita
803 1773 1107 1826 Pythagoricae
1134 1773 1422 1827 philosophiae
1453 1777 1664 1815 auctorem

290 1861 334 1890 se
356 1848 557 1901 praebere
582 1849 805 1900 addictum,
829 1852 874 1890 ut
891 1860 996 1900 quae
1019 1861 1068 1890 ex
1086 1849 1250 1890 illorum
1269 1849 1487 1902 disciplina
1503 1861 1663 1891 assum—

287 1923 449 1976 psisset,
468 1935 516 1965 ea
530 1924 582 1965 ab
600 1923 679 1964 illis
696 1923 810 1976 ipsis,
835 1935 917 1965 non
936 1935 958 1963 a
975 1922 1159 1975 Socrate,
1186 1924 1255 1976 qui
1271 1936 1318 1965 ea
1331 1924 1656 1976 comprobasset,

289 1998 482 2040 didicisse
513 1998 723 2051 putandus
744 2003 866 2050 esset,
899 2002 1038 2040 monet
1059 1999 1109 2040 de
1131 1998 1410 2052 Pythagorica
1432 1999 1503 2039 illa
1522 1998 1664 2040 littera

296 2072 382 2125 1³¹),
415 2074 530 2116 cuius
561 2077 696 2115 totum
726 2074 835 2116 hunc
866 2074 1075 2126 dialogum
1099 2087 1190 2116 esse
1213 2074 1330 2126 quasi
1364 2074 1573 2126 quandam
1595 2085 1662 2115 ex-

407 2209 439 2254 1)
467 2210 507 2244 In
533 2210 619 2255 ipsis
637 2211 860 2255 Pythagorae
878 2210 1113 2245 sectatoribus
1139 2221 1215 2245 eam
1235 2211 1278 2245 ob
1306 2220 1447 2246 causam
1472 2210 1662 2245 Feurlinus

288 2276 322 2310 p.
348 2267 391 2300 49
418 2272 599 2302 auctorem
633 2267 887 2302 numerandum
918 2277 993 2302 esse
1023 2278 1093 2302 non
1124 2267 1213 2310 vult,
1246 2268 1339 2311 quod
1366 2273 1506 2311 praeter
1532 2268 1662 2311 Pytha-

291 2334 476 2366 goreorum
511 2325 796 2359 consuetudinem
831 2325 958 2359 librum
994 2325 1136 2359 ediderit
1169 2325 1372 2369 publicique
1412 2326 1497 2360 iuris
1527 2326 1660 2360 fecerit.

292 2380 429 2425 Itaque,
457 2382 486 2415 si
512 2381 616 2416 modo
641 2382 863 2416 inveniantur
890 2382 1145 2426 Pythagoricae
1169 2382 1371 2425 disciplinae
1396 2382 1558 2426 vestigia,
1583 2392 1662 2416 auc-

291 2443 402 2472 torem
442 2437 549 2473 fuisse
590 2438 800 2483 discipulum
833 2439 1007 2483 Platonis,
1047 2440 1105 2482 qui
1139 2439 1250 2473 multa
1283 2450 1302 2473 a
1336 2439 1568 2483 Pythagoreis
1608 2449 1662 2473 as-

288 2495 484 2538 sumpserit.

404 2561 436 2607 2)
463 2563 515 2598 Cf.
541 2563 700 2598 Lactant.
727 2564 833 2598 divin.
852 2565 961 2598 instit.
987 2566 1063 2609 60„
1088 2566 1125 2608 3;
1155 2575 1244 2609 quae
1270 2564 1344 2599 illic
1369 2565 1411 2600 de
1437 2564 1579 2600 sinistra
1604 2564 1662 2599 via

293 2619 466 2664 dicuntur,
493 2629 534 2654 ea
559 2622 595 2654 in
615 2621 754 2655 Tabula
770 2621 902 2656 collata
918 2626 998 2657 sunt
1022 2623 1057 2656 in
1073 2622 1251 2665 regionem
1275 2616 1517 2666 ἡδυπαθείας
1541 2624 1614 2667 9,3:
1631 2648 1659 2657 ..

290 2675 319 2711 si
345 2687 426 2711 vero
454 2677 631 2712 doctorem
656 2677 865 2721 frugalitatis
889 2689 959 2713 non
983 2678 1164 2722 invenerit,
1189 2679 1225 2713 in
1250 2679 1426 2715 sinistram
1443 2680 1544 2724 viam,
1569 2689 1660 2724 quae
