1888 3170
831 202 1145 239 —124—

305 322 383 363 qua
416 323 549 352 mores
582 311 744 363 probati
767 324 856 353 esse
888 314 1037 365 solent,
1059 315 1281 366 agentibus
1313 315 1364 355 ad
1396 316 1529 367 ipsam
1561 317 1674 358 illam

304 388 484 424 aetatem
519 384 619 425 illud
639 386 886 427 vocabulum
912 387 964 428 sit
986 389 1249 430 translatum.
1313 390 1424 430 Idem
1448 394 1558 431 certe
1589 391 1674 433 fac-

303 462 388 498 tum
441 462 504 499 est
556 459 598 499 in
649 459 869 512 vocabulo,
922 462 1028 513 quod
1076 462 1195 504 modo
1246 465 1673 516 commemoravimus,

303 528 592 583 καθεστηκώς.
659 532 719 574 Ut
758 533 868 574 enim
905 534 1058 576 dicitur
1099 533 1439 589 „xafieoquo'veg
1477 533 1676 590 ἅνδρες“,

302 606 361 647 ita
392 618 440 647 ea
474 611 605 654 aetas,
637 618 719 658 qua
741 611 978 650 constantes
1001 614 1042 651 et
1072 611 1191 662 quasi
1213 611 1346 652 sedati
1379 611 1565 653 homines
1587 624 1677 654 esse

304 680 450 730 solent,
484 686 657 722 vocatur
690 685 988 734 καθεστηκυῖα
1020 677 1164 737 ἡλικία
1196 684 1340 735 (Thue.
1377 686 1503 737 236).

417 753 693 803 κενοδοξία
725 754 858 808 (24,2)
893 761 1028 798 exstat
1061 758 1169 809 apud
1191 758 1410 812 Polybium
1441 764 1482 800 et
1513 759 1678 801 Plutar-

302 827 436 868 chunr

418 900 496 942 ἐπὶ
538 905 830 956 κεφαλαίου
874 905 1008 955 (28,3)
1046 910 1210 957 praeter
1254 907 1418 948 Pinacis
1465 912 1675 949 auctorem

303 987 408 1016 unus
442 976 635 1028 Polybius
675 977 883 1029 adhibuit3
921 979 1026 1030 plur.
1066 992 1176 1020 num.
1210 979 1277 1021 ἐπὶ
1317 983 1567 1034 κεφαλαίων
1599 982 1677 1022 De-

303 1050 552 1102 mosthenes,
586 1052 827 1094 Aeschines.
891 1053 1084 1102 (Aristot.
1119 1052 1187 1096 ἐπὶ
1218 1057 1455 1112 κεφαλαίῳ,
1486 1068 1567 1097 uno
1588 1057 1678 1097 loco

301 1124 362 1164 cd.
397 1123 454 1164 Kb
480 1123 543 1165 Nb
575 1128 850 1178 κεφαλαίου.)

417 1201 669 1250 κρητικοί,
703 1199 752 1240 cf.
786 1213 911 1252 supra
942 1213 980 1253 p.
1017 1205 1066 1243 57
1101 1214 1161 1254 sq.

417 1270 793 1327 fletumvoscdng
825 1274 962 1325 (17,1)
996 1276 1100 1317 alias
1133 1289 1335 1329 nusquam
1367 1278 1587 1330 reperitur.

415 1346 654 1396 μέθυσος
687 1348 834 1401 (34‚3).
908 1349 1079 1391 Veteres
1128 1352 1390 1402 grammatici
1427 1351 1476 1392 de
1514 1351 1678 1393 feminis

302 1420 376 1460 hot¹
419 1422 665 1462 vocabulum
714 1424 857 1464 volunt
904 1424 1115 1475 usurpari,
1157 1425 1206 1466 de
1247 1425 1345 1467 viris
1390 1422 1571 1478 μεθύων
1613 1426 1677 1466 vel

302 1492 568 1546 μεθυστικός
601 1495 670 1548 (cf.
705 1497 804 1538 Lob.
835 1497 988 1550 Phryn.
1021 1511 1060 1550 p.
1090 1499 1199 1550 151).
1263 1499 1321 1540 De
1354 1500 1452 1540 viris
1485 1497 1679 1551 μέθυσος

302 1569 460 1620 primus
500 1570 688 1611 adhibuit
731 1571 981 1621 Menander3
1026 1573 1135 1624 apud
1177 1574 1429 1614 recentiores
1471 1573 1536 1614 liic
1578 1586 1676 1615 usus

303 1644 528 1696 increbuit3
573 1657 594 1685 e
635 1646 784 1697 quibus
828 1647 1178 1688 commemorandi
1221 1651 1316 1688 sunt
1356 1647 1603 1688 Plutarchus
1635 1653 1677 1688 et

302 1718 523 1759 Lucianus.

419 1790 689 1845 (μετάνοια
719 1794 873 1846 legitur
903 1795 1012 1847 apud
1042 1796 1340 1848 Antiphontem
1363 1800 1461 1837 tetr.
1485 1798 1528 1845 2,
1547 1799 1590 1845 4,
1613 1798 1677 1846 12,

305 1867 344 1907 id
379 1868 486 1919 qnod
518 1868 701 1920 neglexit
741 1868 983 1910 Drosihnus.
1056 1869 1333 1921 Frequentius
1366 1874 1429 1912 est
1465 1869 1575 1922 apud
1614 1881 1676 1910 re·-

304 1943 529 1992 ceutiores3
562 1942 812 1984 Plutarchus
843 1942 955 1984 haud
987 1955 1083 1984 raro
1115 1956 1162 1985 eo
1192 1944 1356 1994 utitur.)

417 2018 629 2070 ναυαγῶ
664 2016 798 2069 (24‚2)
822 2029 871 2058 ex
892 2030 1043 2070 prosae
1066 2017 1268 2060 orationis
1300 2017 1572 2069 scriptoribus
1594 2017 1677 2068 pri-

305 2102 394 2129 mus
427 2091 709 2142 metaphorice
741 2091 932 2133 adhibuit
964 2092 1274 2144 Theophrastus
1307 2091 1416 2143 apud
1448 2091 1675 2142 Diogenem

304 2163 517 2205 Laertium
551 2168 587 2214 5,
609 2169 659 2206 55
679 2166 728 2216 ¹);
762 2178 810 2207 ex
843 2165 1142 2207 recentioribus
1174 2165 1436 2206 Plutarchus.

421 2235 730 2293 οἰκητήριον
763 2239 895 2292 (17,3)
928 2240 1095 2281 obvenit
1115 2239 1226 2292 apud
1246 2239 1487 2291 Euripidem
1518 2242 1560 2280 et
1581 2238 1676 2279 Plu-

300 2313 488 2352 tarchum
497 2345 502 2349 .

417 2381 551 2439 ὀχλῶ
587 2386 732 2439 (15,2).
767 2388 908 2439 Ipsum
939 2388 1109 2428 verbum
1153 2388 1236 2428 iam
1278 2388 1489 2429 Herodoto
1526 2389 1568 2429 in
1601 2400 1676 2428 usu

420 2511 444 2551 1)
472 2512 737 2546 Testamentum
781 2512 1019 2555 Theophrasti
1053 2511 1125 2545 illic
1155 2511 1325 2546 traditum
1367 2522 1447 2545 num
1485 2512 1672 2554 genuinum

304 2568 348 2602 sit
374 2569 600 2603 vehementer
625 2568 754 2604 dubito.
810 2569 1143 2604 Pseudo-Demosth.
1168 2568 1266 2603 locus
1291 2570 1388 2608 1410,
1408 2570 1461 2612 105
1486 2579 1562 2603 cum
1589 2579 1674 2612 qua-

303 2636 381 2660 nam
411 2631 528 2660 aetate
546 2625 696 2669 scriptus
713 2626 844 2661 sitnon
864 2631 1010 2670 constet,
1034 2626 1078 2660 ad
1104 2632 1258 2661 nostram
1286 2626 1561 2670 disquisitionem
1589 2626 1673 2659 nihil

301 2682 401 2717 valet.
