1888 3170
680 203 964 240 —31-

144 311 285 352 mundi
317 312 534 363 ratione1),
565 312 629 353 vel
650 315 697 353 ut
718 311 1064 364 Wachsmuthii2)
1096 312 1233 353 verbis
1254 314 1366 352 utar:
1403 311 1510 363 „Der

141 385 339 437 gottliche
373 385 492 428 Geist
524 387 579 427 im
610 386 837 427 Menschen
868 387 1036 428 verti-itt
1069 386 1135 427 die
1167 386 1293 428 Stelle
1325 386 1396 427 des
1426 385 1510 426 D'a-

140 457 322 511 mon“3).
384 460 453 501 Sic
483 460 677 501 facillime
708 460 903 512 explicari
935 461 1038 501 mihi
1069 460 1246 512 videtur,
1278 459 1386 512 quod
1418 460 1511 500 δαί-

140 549 236 585 μων
267 538 309 575 et
341 531 589 588 δαιμόνιον,
622 535 730 586 quod
762 534 881 576 deum
912 536 1036 586 vulgo
1068 534 1294 587 significat.
1326 534 1436 574 inter
1467 544 1511 574 se

139 611 441 659 permutantur.
526 609 649 649 Ratio
700 609 809 649 enim
859 609 1043 651 animum
1089 610 1315 650 humanum
1363 619 1511 659 regens

141 680 349 736 (δαίμων)
382 683 521 724 eadem
555 687 619 724 est
650 686 775 735 atque
806 684 894 735 illa,
935 696 1040 736 quae
1078 684 1275 724 mundum
1306 683 1513 735 gubernat

141 754 427 809 (δαιμόνιον).
487 757 525 798 Α
556 756 707 799 Stoicis
749 758 898 798 deinde
938 758 1003 799 hic
1043 758 1251 809 vocabuli,
1298 757 1408 810 quod
1450 761 1514 798 est

141 830 329 882 δαίμων,
370 844 468 872 usus
514 831 565 872 ad
605 832 708 873 alios
750 832 992 874 recentioris
1040 833 1193 874 aetatis
1235 832 1511 885 philosophos,

140 906 211 957 qui
243 906 285 946 in
318 906 466 947 morali
495 906 783 959 philosophiae
805 911 924 960 parte
954 907 1202 948 illustranda
1232 907 1370 948 studia
1391 906 1512 947 collo-

141 980 316 1031 cabant,
357 980 522 1022 videtur
563 981 777 1022 transisse.
854 981 976 1022 Haud
1017 982 1196 1022 alienum
1237 994 1262 1023 a
1302 981 1514 1034 proposito

142 1058 284 1095 nostro
316 1058 381 1096 est
410 1055 521 1096 locos
553 1054 655 1096 duos
687 1055 831 1096 Dionis
864 1055 1148 1108 Chrysostomi
1179 1068 1513 1097 commemorare.

143 1128 213 1170 Or.
239 1131 290 1170 23
322 1142 360 1181 p.
386 1132 465 1170 307
499 1129 622 1170 Dind.
646 1124 868 1181 εὐδαίμων
899 1130 934 1170 is
966 1130 1129 1180 dicitur,
1162 1131 1226 1171 cui
1256 1130 1387 1171 bonus
1419 1130 1514 1170 dae-

143 1215 237 1244 mon
272 1203 483 1254 obtigerit.
538 1203 627 1253 Quo
659 1215 852 1244 concesso
884 1204 1183 1245 existimaveris
1214 1205 1515 1258 κακοδαίμονα

142 1289 236 1318 eum
274 1290 383 1329 esse,
425 1289 600 1329 quocum
645 1278 778 1319 malus
816 1278 989 1320 daemon
1031 1279 1086 1320 sit
1121 1279 1375 1320 coniunctus.
1437 1278 1514 1320 Sed

142 1351 245 1394 haec
275 1353 480 1393 conclusio
503 1353 686 1404 reicitur,
718 1353 816 1405 quia
839 1349 1073 1405 δαιμόνιον
1103 1353 1257 1394 malum
1288 1365 1381 1395 esse
1403 1354 1515 1394 nullo

141 1429 264 1478 pacto
300 1427 442 1478 possit,
482 1430 562 1469 308
594 1427 618 1468 l.
658 1430 721 1468 10.
788 1427 872 1468 Ubi
911 1427 1208 1469 animadvertis
1245 1427 1359 1469 illam
1396 1440 1516 1469 voca-

143 1500 334 1542 bulorum
368 1503 537 1554 δαίμων
569 1506 610 1543 et
642 1497 892 1554 δαιμόνιον,
924 1503 1105 1543 numinis
1129 1502 1259 1543 (livini
1290 1503 1515 1554 Singularis

143 1576 322 1618 hominis
343 1577 480 1617 animo
508 1577 764 1618 inhaerentis
787 1581 828 1618 et
850 1577 914 1617 dei
937 1581 1070 1618 totum
1099 1577 1297 1618 mundum
1319 1578 1516 1628 regentis,

143 1650 252 1690 inter
274 1662 317 1691 se
338 1652 700 1703 permutationem.
754 1652 1051 1704 Κακοδαίμων
1073 1651 1220 1693 deinde
1251 1652 1285 1693 is
1317 1664 1406 1694 esse
1426 1664 1518 1704 per-

143 1724 333 1777 hibetur,
374 1727 445 1779 qui
484 1727 662 1779 δαίμονι
706 1726 850 1779 utique
881 1726 988 1768 bono
1021 1739 1102 1768 non
1134 1727 1328 1768 oboediat
1359 1726 1458 1779 (308
1491 1727 1517 1767 l.

146 1802 199 1841 20
233 1813 315 1854 sq,
349 1800 398 1842 cf.
431 1801 533 1842 Tab.
567 1804 689 1853 24‚3‚
722 1801 792 1842 ubi
824 1801 966 1842 miseri
998 1802 1027 1842 ii
1059 1802 1265 1853 dicuntur,
1296 1802 1366 1854 qui
1399 1801 1517 1843 obliti

147 1879 245 1916 sunt
275 1876 485 1928 praecepti
508 1874 756 1927 daemonis).
807 1876 963 1917 Eadem
995 1880 1120 1928 atque
1151 1876 1193 1917 in
1215 1876 1374 1917 Tabula
1405 1876 1518 1918 notio

146 1950 358 2002 vocabulo,
390 1951 500 2003 quod
523 1954 587 1991 est
609 1952 790 2003 δαίμων,
823 1951 965 1993 subest
986 1951 1095 2003 apud
1117 1951 1384 1992 Posidonium
1408 1949 1516 2002 (Gal.

146 2024 341 2076 Hippoer.
372 2029 413 2066 et
434 2025 542 2067 Plat.
565 2026 601 2067 V
623 2029 661 2077 6,
684 2038 722 2077 p.
742 2024 862 2078 469):
901 2021 958 2066 Τὸ
992 2020 1044 2078 δὴ
1076 2027 1166 2066 τῶν
1196 2027 1356 2067 παθῶν
1378 2029 1520 2066 αἴτιον

146 2099 344 2141 τουτέστι
371 2102 447 2153 τῆς
477 2116 522 2141 τε
549 2095 843 2155 ἀνομολογίας
870 2098 942 2141 καὶ
969 2102 1050 2141 τοῦ
1076 2101 1398 2152 κακοδαίμονος
1418 2101 1520 2152 βίου

147 2168 196 2214 τὸ
229 2169 286 2227 μὴ
318 2169 427 2216 κατὰ
451 2177 539 2216 πᾶν
571 2174 752 2216 ἕπεσθαι
789 2176 848 2231 τῷ
881 2174 929 2215 ἐν
960 2169 1078 2231 αὐτῷ
1111 2175 1289 2228 δαίμονι
1319 2181 1527 2228 συγγενεῖ

263 2335 289 2377 1)
314 2334 430 2369 Zeller
456 2334 510 2368 III
539 2337 555 2368 1
583 2345 616 2378 p.
642 2335 720 2369 297.

265 2403 292 2446 2)
319 2403 384 2437 Die
410 2404 603 2439 Ansichten
628 2404 689 2439 der
714 2403 856 2438 Stoiker
881 2403 966 2437 iiber
990 2402 1128 2437 Mantik
1146 2413 1179 2437 u.
1198 2402 1379 2437 Damonen
1405 2413 1440 2446 p.
1466 2403 1521 2436 38.

146 2459 250 2494 Haud
276 2460 429 2494 alienum
455 2471 476 2495 a
500 2466 621 2496 nostra
645 2461 888 2505 disquisitione
922 2460 1060 2494 videtur
1094 2470 1368 2495 commemorare
1402 2469 1522 2494 recen-

146 2518 256 2553 tiores
280 2519 502 2562 potissimum
528 2519 665 2555 Stoicos
701 2520 758 2563 qui
793 2519 935 2552 fuerunt
968 2519 1049 2553 inde
1075 2528 1096 2552 a
1121 2518 1297 2552 Posidonii
1328 2521 1447 2551 aetate
1472 2519 1522 2551 sic

147 2575 190 2610 de
216 2575 444 2610 daemonibus
470 2576 637 2612 docuisse.

263 2644 290 2689 3)
317 2645 369 2680 Cf.
394 2646 603 2681 Xenocratis
628 2646 729 2689 frgm.
763 2645 857 2689 apud
882 2644 981 2678 Mull.
1008 2644 1063 2677 III
1096 2654 1131 2686 p.
1159 2644 1243 2687 115,
1276 2643 1335 2686 qui
1368 2642 1522 2677 animum

148 2701 234 2736 d‘rcit
259 2702 466 2737 daemonem
492 2713 569 2738 esse
594 2703 754 2737 hominis.

1210 2762 1233 2800 6
