1888 3170
831 234 871 238 in
942 213 995 251 94
1054 234 1107 238 ,-

284 325 501 374 Lucianus,
532 323 713 364 breviter
734 324 911 372 monuit3
946 335 1019 364 nos
1051 324 1093 364 in
1125 336 1186 375 ea,
1219 336 1323 377 quae
1343 324 1466 366 huius
1488 328 1651 377 generis

285 398 393 448 apud
434 397 648 437 Philonem
688 397 910 447 Judaeum,
952 398 1126 439 Dionem
1169 397 1525 450 Chrysostomum,
1568 400 1649 440 Lu-

287 471 449 511 cianmn
476 471 756 522 inveniuntur,
791 472 977 523 exempla
998 472 1237 524 diligentius
1268 473 1536 525 inquiremus.
1597 474 1652 514 Hi

286 545 393 585 enim
426 556 475 585 ex
501 545 691 586 omnibus
723 546 810 585 eius
831 547 980 586 aetatis
1011 547 1281 597 scriptoribus
1304 547 1471 598 plurimi
1501 548 1543 587 in
1575 547 1651 588 hac

283 617 464 669 fingendi
496 619 657 659 ratione
689 618 816 660 fuisse
847 619 949 660 mihi
979 619 1183 661 videntur.

402 693 539 744 Atque
590 692 776 733 Philonis
823 693 988 744 quidem
1036 699 1136 745 quot
1180 695 1402 746 allegoriae
1446 695 1496 736 iis
1538 695 1653 736 libris

290 767 594 817 contineantur,
612 767 761 819 quibus
778 769 930 809 sanctis
944 768 970 809 J
972 768 1194 810 udaeorum
1207 769 1371 820 scriptis
1386 770 1653 820 allegoricam

284 840 453 881 adhibet
499 842 905 892 interpretationem,
952 843 1020 883 vix
1064 843 1281 895 quisquam
1329 844 1650 894 enumeraverit3

284 927 416 966 neque
457 915 577 956 nobis
619 927 716 956 cura
762 921 825 957 est
864 917 945 957 nisi
984 917 1033 957 de
1071 917 1148 968 eis,
1189 929 1293 969 quae
1326 930 1416 958 cum
1449 916 1653 958 Cebeticis

283 989 421 1041 aliqua
451 990 724 1032 similitudine
755 992 1073 1043 coniunguntur.
1124 993 1185 1033 De
1216 993 1380 1034 ratione
1411 993 1519 1034 inter
1541 997 1652 1033 artes

283 1063 474 1105 liberales
527 1068 567 1105 et
624 1077 762 1106 veram
813 1065 1115 1118 philosophiam
1176 1067 1457 1108 intercedente
1469 1068 1500 1116 1)
1550 1067 1651 1107 haec

284 1137 381 1178 (licit
404 1138 482 1189 leg.
505 1139 573 1179 all.
597 1140 729 1181 11187
753 1152 790 1191 p.
819 1144 896 1181 135
929 1140 1004 1180 M.:
1045 1136 1089 1181 ‘O
1110 1137 1193 1193 γὰρ
1226 1143 1416 1194 μελετῶν
1448 1141 1495 1182 ἐν
1523 1136 1653 1195 ἀρετῇ

283 1213 422 1267 τελεία
452 1221 685 1265 κατοικεῖν,
716 1212 821 1266 πρὶν
850 1214 1122 1268 ἐγγραφῆναι
1154 1217 1205 1270 τῇ
1232 1213 1354 1256 πόλει
1387 1211 1533 1268 αὐτῆς,
1564 1212 1655 1263 τοῖς

284 1285 526 1338 ἐγκυκλίως
568 1284 794 1341 μαθήμασι
839 1296 1057 1341 παροικεῖ,
1102 1289 1175 1329 ἵνα
1219 1284 1292 1330 διὰ
1334 1286 1504 1330 τούτων
1545 1284 1654 1341 πρὸς

283 1361 452 1400 τελείαν
484 1355 644 1413 ἀρετὴν
675 1355 845 1414 ἆφέτως
877 1357 1061 1416 ὁρμήσῃ.
1108 1363 1170 1403 De
1200 1363 1343 1404 eadem
1375 1375 1419 1403 re
1441 1363 1491 1403 de
1513 1375 1652 1414 congr.

284 1446 422 1486 quaer.
466 1435 578 1475 erud.
612 1439 716 1486 grat.
753 1439 797 1487 3,
835 1448 873 1487 p.
908 1439 989 1478 520
1021 1436 1095 1477 M.:
1159 1435 1446 1489 Θεραπαινὶς.
1469 1439 1655 1491 ,σοφίας

284 1501 308 1559 ἡ
334 1503 404 1547 διὰ
427 1510 516 1548 τῶν
532 1506 930 1561 προπαιδευμιὲτων
949 1507 1176 1562 ἐγκύκλιος
1192 1506 1380 1563 μουσικὴ
1399 1509 1469 1551 καὶ
1488 1508 1651 1564 λογική.

275 1577 440 1633 ’Ὤισπερ
472 1578 555 1635 γὰρ
588 1582 635 1623 ἐν
661 1580 741 1635 μὲν
764 1585 918 1632 οἰκίαις
940 1580 1106 1624 αὕλειοι
1127 1581 1378 1636 πρόκεινται
1401 1582 1653 1635 κλισιάδων,

285 1654 331 1695 ἐν
365 1654 411 1695 δὲ
435 1656 585 1697 πόλεσι
617 1653 668 1698 τὰ
696 1655 932 1710 προάστεια
956 1653 1008 1699 δι’
1035 1649 1097 1699 ὧν
1119 1662 1219 1699 εἴσω
1241 1660 1435 1711 βαδίζειν
1457 1662 1625 1700 ἔνεστιν
1645 1671 1652 1678 ·

286 1726 424 1778 οὕτως
456 1729 528 1771 καὶ
572 1726 726 1785 ἀρετῆς
764 1729 986 1785 πρόκειται
1023 1728 1075 1773 τὰ
1113 1730 1330 1786 ἐγκύκλια.
1397 1735 1541 1774 Ταῦτα
1571 1729 1654 1786 γὰρ

285 1798 390 1853 ὁδός
421 1804 539 1846 ἐστιν
567 1801 628 1846 ἐπ’
653 1805 826 1858 ἐκείνην
848 1805 1057 1859 φέρουσα.
1106 1808 1329 1848 Praeterea
1351 1819 1541 1860 compara
1563 1820 1655 1848 euin

283 1878 432 1930 locum,
463 1879 532 1931 qui
557 1884 620 1920 est
646 1880 725 1931 leg.
745 1880 811 1921 all,
827 1881 869 1921 Π
887 1884 953 1930 24,
976 1893 1014 1933 p.
1034 1885 1106 1922 84:
1140 1877 1343 1934 ἄτριπτος
1364 1879 1443 1934 μὲν
1462 1876 1483 1922 ὁ
1502 1876 1656 1936 ἀρετῆς

285 1954 440 2005 χῶρος,
464 1947 604 2006 ὀλίγοι
621 1949 705 2006 γὰρ
722 1956 958 2006 βαίνουσιν
980 1949 1131 2007 αὐτόν,
1153 1954 1370 2007 τέτριπται
1392 1953 1440 1996 δὲ
1462 1950 1484 1996 ὁ
1506 1958 1657 2004 κακίας

285 2038 374 2067 Cum
397 2027 494 2068 Tab.
524 2031 586 2078 15,
614 2028 713 2068 ibid.
734 2031 784 2069 26
803 2041 841 2080 p.
858 2032 909 2070 86
929 2029 1006 2070 Μ.;
1039 2026 1297 2070 σπούδασον
1317 2032 1655 2084 στεφανωθῆναι

285 2097 393 2141 κατὰ
415 2103 491 2155 τῆς
511 2097 615 2150 τοὺς
635 2097 794 2151 ἄλλους
821 2099 1013 2152 ἅπαντας
1034 2100 1223 2156 νικώσης
1244 2098 1408 2157 ἡδονῆς
1428 2099 1564 2144 καλὸν
1584 2103 1656 2145 καὶ

285 2169 437 2215 εὐκλεᾶ
461 2174 682 2229 στέφανον
713 2188 803 2217 cum
835 2176 935 2218 Tab.
956 2181 1020 2218 22.
1082 2178 1143 2218 De
1175 2178 1273 2219 Tab.
1308 2182 1345 2230 9,
1382 2182 1431 2219 18
1463 2179 1658 2219 admonet

285 2249 322 2289 d.
357 2261 478 2289 merc.
512 2254 677 2293 meretr.
710 2253 755 2301 2,
794 2263 830 2302 p.
866 2254 944 2292 265
978 2251 1056 2293 M.:
1104 2249 1186 2292 δύο
1219 2247 1303 2304 γὰρ
1335 2246 1460 2305 ἡμῶν
1491 2250 1655 2309 ἑκάστῳ

287 2325 547 2364 συνοικοῦσι
584 2332 789 2377 γυναῖκες
827 2325 981 2378 ἐχθραὶ
1016 2324 1087 2366 καὶ
1129 2327 1359 2379 δυσμενεῖς
1396 2322 1654 2381 ἀλλήλαις..

292 2393 470 2438 Τούτων
500 2394 580 2451 τὴν
613 2398 692 2452 μὲν
709 2398 859 2453 ἑτέραν
882 2396 1117 2454 ἀγαπῶμεν
1135 2433 1142 2442 .
1163 2433 1172 2442 .
1191 2433 1198 2441 .
1218 2404 1408 2442 καλεῖται
1432 2401 1478 2443 δὲ
1503 2396 1654 2456 ἡδονή.

293 2466 382 2524 Τὴν
408 2469 455 2512 δὲ
470 2470 620 2524 ἑτέραν
638 2473 931 2528 ἐχθραίνομεν
950 2507 958 2515 .
977 2507 986 2517 .
1006 2508 1015 2516 .
1035 2472 1176 2527 ὄνομα
1199 2473 1246 2517 δὲ
1267 2475 1339 2516 καὶ
1358 2473 1518 2528 ταύτης
1538 2473 1656 2517 ἐστὶν

403 2584 427 2625 1)
453 2596 485 2619 v,
510 2595 619 2628 supra
642 2596 677 2629 p.
703 2587 743 2619 51
758 2596 809 2629 sq.
850 2586 896 2619 cf.
922 2587 1009 2620 Tab.
1036 2589 1078 2620 32
1104 2591 1136 2620 et
1162 2586 1271 2620 totius
1297 2587 1456 2630 picturae
1481 2598 1501 2620 a
1527 2587 1656 2622 Cebete

287 2640 485 2684 descriptae
509 2643 811 2687 compositionem3
838 2643 941 2678 facile
966 2645 1143 2679 inducaris
1171 2651 1209 2678 ut
1227 2644 1398 2678 Tabulam
1426 2645 1579 2688 Philoni,
1604 2646 1653 2680 vel

286 2697 445 2732 Philonis
469 2699 582 2733 locum
608 2699 726 2734 Cebeti
751 2701 845 2737 dieas
872 2703 1093 2737 obversatum
1119 2711 1203 2736 esse.
