1888 3170
886 179 1165 216 ,70-

342 290 422 331 VII
457 294 531 331 111
566 313 620 319 -
642 294 1001 342 commemoratur,
1033 292 1105 333 sed
1136 292 1428 334 convenienter
1450 293 1501 333 ad
1531 293 1711 334 auctoris

342 364 546 404 rationem
577 376 601 404 a
632 364 820 406 doctrina
853 368 893 405 et
924 369 1115 407 accurate
1147 370 1356 408 exstructa
1393 367 1609 418 disciplina
1640 367 1710 407 ab·

341 438 579 480 horrentem
609 450 716 490 quae
747 442 835 480 tum
865 438 1119 492 philosophis
1144 441 1385 493 plerumque
1415 440 1458 481 in
1489 452 1559 482 ore
1591 443 1712 482 erant

340 512 537 554 vitiorum
569 516 610 553 et
639 513 1001 564 perturbationum
1043 514 1210 555 nomina
1255 515 1367 555 1111110
1411 518 1524 556 certo
1569 515 1712 556 ordine

343 589 507 628 servato
544 590 827 637 congeruntur
847 587 1091 640 variumque
1121 588 1162 628 in
1194 589 1361 630 modum
1382 589 1497 630 varie
1528 589 1637 629 inter
1668 601 1712 630 se

343 660 662 710 coniunguntur.
738 660 872 710 Quid?
918 661 1027 713 quod
1073 665 1168 713 26‚2
1216 661 1453 714 affectibus,
1502 663 1573 714 qui
1616 667 1713 705 sunt

343 735 498 783 luctus,
531 745 708 785 maeror,
741 734 1083 787 intemperantia,
1115 736 1308 787 avaritia,
1342 737 1584 788 adiungitur
1612 749 1713 789 pau-

342 811 484 860 pertas
514 811 557 848 et
589 810 686 860 27‚4
729 808 856 850 simili
898 810 1261 860 perturbationum
1304 811 1608 852 enumerationi
1646 812 1710 852 in-

343 883 497 924 seritur
527 882 638 923 mala
662 882 787 924 fama.
841 883 888 924 ld
918 884 1027 935 quod
1049 896 1096 926 eo
1132 886 1264 936 inagis
1296 885 1474 936 mireris,
1507 886 1603 938 quia
1623 889 1712 927 toto

342 956 482 998 libello
504 960 791 1008 paupertatem
813 961 1002 998 vetamur
1022 958 1064 998 111
1088 959 1207 999 malis
1229 959 1390 1009 ducere,
1417 960 1553 1011 priore
1574 964 1713 1001 autem

342 1030 412 1071 illo
444 1031 533 1072 1000
566 1030 697 1072 Cebes
729 1030 830 1072 dicit
866 1043 980 1082 eum,
1024 1033 1094 1084 qui
1125 1033 1177 1073 ad
1206 1033 1424 1083 virtutem,
1466 1034 1714 1085 pervenerit,

344 1117 427 1145 non
452 1104 613 1146 turbari
645 1100 746 1146 οὔτε
777 1100 863 1147 ὑπὸ
895 1101 1061 1158 ὀδύνης
1087 1102 1187 1148 οὔτε
1212 1101 1298 1148 ὑπὸ
1331 1104 1470 1160 λύπης
1502 1104 1603 1149 οὔτε
1627 1102 1712 1149 ὑπὸ

343 1174 553 1232 ἀκρασίας
584 1175 685 1220 οὔτε
716 1173 801 1221 ὑπὸ
833 1183 1125 1234 φιλαργυρίας
1163 1177 1263 1222 οὔτε
1294 1176 1379 1222 ὑπὸ
1411 1183 1561 1231 πενίας
1593 1178 1654 1223 01’1'
1664 1197 1714 1223 τε

342 1248 416 1295 ὑπ’
451 1250 608 1295 ἄλλον
639 1256 800 1295 κακοῦ
832 1249 1028 1303 οὐδενός.
1083 1254 1281 1296 Similiter
1304 1258 1413 1307 27,4,
1437 1256 1507 1297 ubi
1530 1268 1611 1306 eos,
1643 1258 1714 1310 qui

342 1340 425 1369 non
455 1332 771 1380 perseverarunt
790 1329 1012 1370 ascendere
1044 1329 1094 1369 ad
1119 1329 1328 1380 virtutem,
1362 1330 1554 1371 dicuntur
1587 1331 1712 1371 comi-

343 1402 424 1444 tari
455 1403 589 1443 λῦπαι
630 1400 702 1443 καὶ
743 1397 903 1444 ὀδύναι
942 1401 1014 1443 καὶ
1052 1398 1240 1456 ἀθυμίαι
1279 1402 1350 1444 καὶ
1393 1398 1606 1454 ἀδοξίαι
1642 1403 1715 1446 καὶ

343 1472 533 1530 ἄγνοιαι,
555 1477 740 1519 monenti
767 1477 940 1529 hospiti:
972 1474 1114 1518 πάντα
1134 1473 1245 1518 κακὰ
1266 1476 1401 1531 λέγεις
1433 1473 1582 1527 αὐτοῖς
1613 1473 1714 1520 οἶκο-

343 1554 548 1601 λουθεϊν,
592 1551 692 1603 ipsis
735 1551 872 1593 verbis
915 1564 1039 1593 senex
1081 1552 1266 1594 concedit
1312 1554 1450 1594 omnia
1493 1554 1603 1595 mala
1646 1565 1715 1595 eos

344 1626 472 1678 sequi.
534 1625 665 1676 Quam
698 1625 965 1667 offensionem
996 1627 1134 1679 aliqua
1175 1639 1222 1668 ex
1261 1632 1379 1679 parte
1415 1627 1475 1670 ita
1506 1628 1598 1670 tolli
1628 1628 1713 1669 exi-

343 1700 593 1752 stimaveris,
624 1705 671 1742 ut
702 1700 813 1743 dicas
844 1704 1130 1753 paupertatem
1169 1706 1211 1743 et
1241 1702 1392 1742 malam
1423 1701 1578 1743 famam
1609 1703 1717 1743 mala

345 1786 434 1816 esse
465 1774 538 1825 eis,
571 1776 641 1826 qui
673 1785 769 1816 vera
800 1774 1032 1817 eruditione
1063 1775 1243 1816 nondum
1275 1775 1360 1818 sint
1390 1776 1551 1829 imbuti,
1582 1788 1717 1828 neque

343 1849 453 1890 mala
484 1860 574 1890 0550
605 1848 792 1890 desinere
823 1849 904 1890 nisi
936 1849 1010 1901 eis,
1043 1850 1111 1902 qui
1143 1854 1253 1890 recte
1285 1849 1334 1890 de
1365 1849 1429 1891 1115
1450 1850 1574 1892 rebus
1606 1851 1716 1892 docti

344 1935 414 1965 eas
453 1927 716 1965 contemnere
756 1925 1056 1965 consueverint.
1118 1924 1316 1965 Attamen
1361 1924 1403 1965 in
1448 1936 1495 1966 eo
1539 1923 1714 1976 offendo,

344 1998 453 2051 quod
484 1998 548 2050 iis,
581 2010 685 2050 quae
717 1998 840 2039 etiam
873 1998 1072 2050 sapientis
1095 1998 1302 2040 sententia
1332 1999 1441 2040 mala
1462 2002 1560 2041 sunt
1591 2010 1714 2051 quae-

345 2084 423 2125 que
453 2073 496 2114 in
529 2073 759 2125 sapientem
791 2072 937 2114 cadere
967 2085 1049 2114 non
1087 2077 1281 2124 possunt,
1323 2073 1509 2124 singulae
1539 2073 1618 2115 hae
1649 2086 1715 2116 res

344 2147 604 2199 inseruntur,
652 2158 758 2199 quae
803 2147 911 2187 mala
955 2147 1035 2188 nisi
1077 2147 1127 2188 ab
1170 2146 1346 2188 indoctis
1390 2159 1471 2189 non
1515 2151 1717 2200 putantur

344 2233 532 2275 quaeque
564 2222 689 2263 etiam
719 2221 899 2274 sapienti
930 2226 1104 2274 possunt
1141 2221 1367 2273 obtingere.
1429 2223 1568 2264 Facile
1607 2235 1716 2264 com-

344 2308 547 2348 moveare,
580 2300 627 2338 ut
656 2301 879 2349 utrumque
901 2297 1146 2339 vocabulum
1177 2296 1466 2348 interpolatori
1496 2298 1714 2340 attribuas.

344 2370 546 2423 Equidem
593 2383 684 2412 cum
721 2371 919 2412 librorum
956 2372 1137 2412 omnium
1185 2382 1388 2412 consensu
1425 2371 1715 2424 defendantur,

345 2446 485 2487 malini
530 2445 710 2487 auctoris
757 2445 1047 2497 neglegentiae
1078 2457 1125 2486 ea
1161 2445 1395 2497 relinquere
1435 2446 1484 2487 de
1524 2451 1717 2489 accurata

346 2519 564 2572 disciplina
594 2531 677 2560 non
708 2519 906 2560 curantis.

459 2593 630 2646 Tamen,
648 2595 683 2635 51
698 2594 820 2646 paulo
843 2593 1084 2646 diligentius
1100 2593 1452 2647 inquisiverimus‚
1475 2607 1556 2636 non
1574 2595 1716 2637 deesse

346 2668 446 2710 mihi
476 2668 683 2720 videntur,
716 2680 820 2721 quae
845 2669 1089 2710 documento
1120 2669 1206 2711 sint
1237 2667 1386 2711 Stoicis
1408 2669 1590 2712 Tabulae
1619 2681 1713 2712 auc-
