1888 3170
165 333 371 385 Κριτικοί
378 344 458 374 non
471 332 651 384 genuina
666 342 756 373 esse
768 335 910 374 censet
923 332 1105 385 exceptis
1119 331 1201 372 his:
1221 326 1536 384 Ἀριθμητικοί,

164 405 431 460 Γεωμέτραι,
463 402 754 460 Ἀστρολόγοι.
826 407 963 459 Atque
1003 407 1198 448 Feurlino
1236 410 1278 448 et
1322 404 1535 446 Bruckero

164 481 409 523 documento
448 486 512 523 est
553 480 754 523 Chalcidii
795 481 1026 533 silentium,
1067 481 1136 533 qui
1177 493 1224 522 eo
1262 481 1370 531 loco,
1412 490 1536 531 quem

163 554 330 610 supra¹)
356 556 661 608 exscripsimus,
685 560 982 598 commemorat
1005 555 1289 609 geometriam,
1321 555 1534 604 musicam,

162 631 483 682 arithmeticam,
507 630 805 672 astronomiam
821 642 953 683 neque
968 631 1218 673 mentionem
1241 629 1342 671 facit
1362 629 1532 682 Peripa-

161 705 399 758 teticorum,
437 705 764 757 Hedonicorum‚
814 704 1073 748 Criticorum.
1144 706 1200 747 At
1246 705 1386 757 agitur
1425 704 1534 756 apud

163 779 421 822 Chalcidium
444 779 494 821 de
522 779 781 832 „praecipuis
804 780 1019 832 doctrinis,
1052 792 1154 834 quas
1185 780 1389 832 ingenuas
1414 779 1535 820 disci-

159 855 315 908 plinas“
352 854 667 907 appellaverunt
697 857 873 897 veteres.
936 856 1083 907 Itaque
1114 855 1184 896 ille
1214 866 1297 896 non
1317 858 1535 896 enumerat

160 929 240 970 nisi
272 941 341 971 eas
372 932 497 980 artes,
531 941 638 981 quae
660 929 713 970 ad
735 933 893 971 certum
916 929 1032 971 illum
1055 929 1369 982 disciplinarum
1391 929 1533 971 orbem

158 1004 442 1056 pertinebant;
461 1003 610 1056 quibus
626 1003 967 1057 philosophorum
985 1004 1148 1046 scholas
1162 1004 1365 1057 quasdam
1381 1004 1534 1046 addere

163 1090 254 1121 cum
278 1078 504 1120 absurdum
528 1077 667 1129 fuerit,
697 1090 778 1120 non
808 1082 922 1121 recte
948 1079 1250 1131 colligeremus,
1275 1077 1534 1127 Chalcidium

159 1153 532 1204 Peripateticorum
565 1156 606 1194 et
638 1153 944 1195 Hedonicorum
975 1154 1145 1194 nomina
1177 1154 1220 1194 in
1249 1165 1323 1195 suo
1345 1153 1533 1195 Tabulae

157 1227 385 1280 exemplari
417 1239 499 1269 non
530 1227 751 1269 invenisse.
803 1227 974 1269 Accedit
1006 1227 1131 1269 aliud.
1180 1227 1287 1269 Nam
1320 1228 1354 1270 si
1381 1228 1531 1279 omnia,

97 1287 104 1291 ’
156 1314 263 1355 quae
293 1302 403 1354 apud
432 1301 629 1344 Cebetem
658 1301 896 1354 exstabant,
928 1302 1097 1344 nomina
1123 1315 1147 1344 a
1172 1301 1384 1344 Chalcidio
1417 1306 1532 1344 tran-

156 1377 311 1429 scripta
344 1389 436 1419 esse
470 1377 706 1428 existimas,
739 1377 867 1418 etiam
899 1376 1000 1418 illud
1025 1371 1274 1430 Ῥητορικοί
1301 1377 1532 1420 eiciendum

156 1456 231 1503 est,
264 1452 373 1504 quod
404 1464 538 1504 neque
568 1451 629 1492 illi
660 1451 879 1493 delendum
912 1464 1002 1494 esse
1022 1453 1104 1493 rati
1127 1455 1237 1501 sunt,
1270 1464 1403 1505 neque
1425 1452 1532 1494 alius

154 1527 374 1579 quisquam
428 1527 470 1567 in
521 1526 799 1578 suspicionem
850 1537 999 1568 vocare
1046 1526 1212 1568 audeat.
1287 1526 1376 1568 Hoc
1422 1526 1531 1568 enim

153 1601 400 1643 vocabulum
437 1600 548 1643 infra
580 1601 813 1643 videbimus
840 1601 943 1644 adeo
974 1601 1042 1643 hic
1073 1601 1321 1653 desiderari,
1362 1606 1408 1644 ut
1441 1603 1476 1644 si
1507 1615 1532 1644 a

155 1676 365 1719 codicibus
396 1675 578 1718 alienum
610 1679 733 1726 esset,
766 1675 895 1717 inseri
928 1675 1110 1717 deberet.

266 1751 482 1793 Hactenus
515 1751 565 1792 de
587 1750 782 1792 Feurlino
813 1754 854 1792 et
875 1750 1100 1792 Bruckero.
1149 1750 1373 1804 Klopferus
1401 1752 1528 1793 aliam

153 1826 355 1868 rationem
395 1837 479 1867 non
521 1824 643 1867 affert
686 1824 766 1866 nisi
811 1824 918 1876 quod
957 1838 981 1866 a
1014 1824 1187 1868 Socrate
1228 1825 1528 1878 arithmeticos,

152 1904 407 1953 geometras,
450 1900 683 1952 astrologos
714 1899 962 1952 reprehendi
1001 1900 1145 1942 solitos
1177 1913 1268 1943 esse
1299 1901 1531 1954 Xenophon

151 1972 421 2026 tradiderit2).
490 1974 580 2025 Qua
621 1986 666 2015 re
709 1986 791 2016 non
834 1972 960 2025 effici,
1002 1979 1048 2016 ut
1093 1986 1145 2016 ne
1187 1974 1317 2016 Cebes
1364 1976 1530 2027 quidem

151 2050 330 2092 aliarum
361 2049 515 2091 artium
556 2048 765 2091 studiosos
797 2049 1200 2101 commemoraverit,
1248 2061 1331 2092 non
1362 2054 1425 2092 est
1457 2062 1530 2091 cur

151 2124 340 2178 pluribus
371 2124 664 2167 demonstrem.

265 2200 380 2242 Haec
396 2199 526 2252 igitur
543 2202 793 2253 argumenta
808 2211 831 2239 a
848 2197 1075 2249 Bruckero,
1098 2199 1306 2251 Feurlino,
1330 2200 1529 2253 Klopfero

151 2274 280 2316 allata
321 2286 402 2316 non
445 2273 654 2316 sufficiunt
696 2274 747 2314 ad
795 2273 1072 2326 suspicionem
1117 2273 1182 2316 his
1223 2274 1274 2316 de
1316 2276 1528 2319 vocabulis

151 2349 408 2391 movendam.
461 2349 516 2390 At
547 2351 692 2391 contra
713 2361 761 2390 ea
784 2348 1033 2400 gravissima
1063 2353 1174 2401 sunt,
1206 2363 1312 2404 quae
1334 2352 1447 2394 solus
1479 2365 1529 2394 ex

151 2424 232 2476 eis,
276 2424 344 2476 qui
386 2424 589 2466 Tabulam
631 2422 841 2465 Socratico
887 2422 1029 2466 Cebeti
1062 2424 1337 2478 abrogarunt,
1370 2427 1528 2469 dehoc

264 2548 278 2570 ²
349 2574 358 2583 .
386 2550 437 2586 11.

266 2548 298 2651 ²3
323 2559 426 2650 Ι(Ξὶιιοό.
451 2606 642 2652 Klopferus
674 2607 757 2642 dicit
778 2601 989 2650 ξΗὸονινιοί,
1023 2609 1334 2651 Περιπατητικοί,
1360 2610 1533 2652 Κριτικοί

151 2663 185 2698 in
212 2664 371 2698 versione
389 2663 540 2699 Arabica
565 2664 692 2708 deesse,
718 2674 838 2699 errore
865 2664 916 2698 vir
941 2664 1063 2700 doctus
1089 2670 1213 2709 captus
1239 2669 1301 2700 est.
1350 2666 1390 2699 In
1409 2665 1527 2701 Elich-

149 2721 338 2756 manniana
356 2721 446 2755 enim
464 2721 624 2756 versione
642 2722 731 2757 haec
748 2726 902 2756 exstant:
932 2721 1106 2766 „Istorum
1124 2722 1245 2766 aliqui,
1262 2722 1387 2767 inquit,
1405 2724 1526 2767 appel-
