1888 3170
734 196 1014 235 -11-

192 305 270 355 Qui
311 306 488 347 aderant
519 318 659 348 omnes
697 310 817 348 erant
847 308 1041 350 instructi
1078 309 1313 361 praecipuis
1345 308 1559 359 doctrinis,

193 390 294 430 quas
334 380 539 432 ingenuas
571 380 812 432 disciplinas
855 383 1080 434 appellavit
1110 386 1351 434 propterea,
1394 381 1505 434 quod
1536 394 1560 423 a

195 453 332 504 pueris
364 457 480 494 aetas
511 453 582 495 illa
613 454 665 495 iis
695 453 822 496 veluti
849 456 1063 508 principiis
1094 456 1255 497 altioris
1276 455 1490 496 doctrinae
1520 459 1561 496 et

192 531 390 577 tanquam
413 527 613 578 gradibus
645 528 920 580 imbuebatur,
943 530 1210 580 geometrica,
1234 529 1404 579 musica,
1427 528 1559 569 arith-

192 601 358 652 metica,
400 602 669 642 astronomia.
734 602 793 642 De
831 603 980 653 quibus
1014 602 1142 644 Cebes
1180 601 1484 655 pronuntiavit:
1526 601 1560 642 si

191 675 356 727 quidem
377 675 664 727 philosophiae
695 687 821 717 causa
843 676 1068 727 discantur,
1100 680 1146 718 ut
1167 688 1241 729 per
1271 687 1339 716 eas
1361 679 1560 728 tanquam

190 748 387 799 gradibus
419 748 471 789 ad
512 760 717 790 summum
755 749 915 791 culmen
952 750 1239 803 philosophiae
1279 749 1559 802 perveniatur,

191 834 340 874 operae
371 823 548 874 pretium
580 822 688 873 fore,
730 824 764 864 si
803 824 892 864 sine
922 824 1203 876 philosophia,
1242 824 1389 875 plenae
1420 828 1559 864 tamen

190 896 412 948 dignitatis
429 908 520 938 esse
537 895 866 948 fundamentum,
890 896 1159 949 imperfectae
1179 898 1276 938 licet
1297 897 1559 938 eruditionis.

303 969 531 1011 Praeterea
549 970 677 1013 Cebes
695 971 901 1022 allegatur
919 971 1028 1022 apud
1044 971 1075 1011 P
1088 971 1188 1012 ollu
1199 983 1230 1012 c.
1245 983 1300 1012 on
1311 983 1396 1012 om.
1411 971 1560 1012 11195:

192 1038 418 1097 ὑφηγητὴς
440 1077 448 1084 .
473 1077 480 1084 .
507 1076 512 1083 ,
547 1040 664 1097 παρὰ
697 1043 744 1085 δὲ
776 1043 939 1098 Κέβητι
970 1043 1042 1085 καὶ
1072 1041 1338 1098 καθηγητής.
1399 1045 1447 1085 11]
1481 1043 1559 1084 Ta-

190 1117 286 1158 bula
319 1118 394 1159 hoc
424 1118 670 1159 vocabulum
704 1130 783 1160 non
817 1119 1055 1170 occur1·it¹).

305 1192 473 1232 Nullum
512 1193 641 1243 igitur
672 1196 811 1233 exstat
842 1193 1108 1244 antiquorum
1140 1192 1443 1242 testimonium,
1481 1202 1562 1242 quo

190 1278 239 1307 ea
276 1265 457 1317 Tabula,
500 1279 605 1319 quae
646 1267 699 1308 ad
741 1271 926 1308 nostram
968 1270 1149 1309 aetatem
1182 1266 1428 1318 permansit,
1460 1265 1562 1317 ipsis

191 1341 327 1381 verbis
373 1339 581 1382 Socratico
622 1340 764 1383 Cebeti
796 1340 1017 1382 tribuatur.
1090 1341 1255 1382 Pinacis
1295 1339 1397 1380 illud
1440 1350 1545 1389 argu

191 1418 396 1463 mentum,
441 1415 548 1467 quod
581 1415 813 1457 invenimus
853 1415 960 1466 apud
992 1414 1179 1466 Suidam‚
1217 1415 1320 1455 adeo
1353 1425 1435 1455 non
1468 1424 1563 1453 con—

190 1489 305 1529 venit
336 1500 426 1530 cum
459 1501 525 1540 eo,
564 1489 614 1530 de
646 1501 726 1540 quo
759 1489 939 1540 agimus,
979 1489 1102 1538 libro,
1142 1493 1187 1529 ut
1218 1489 1298 1529 nisi
1330 1487 1380 1528 de
1411 1487 1563 1528 ceteris

190 1562 374 1604 eiusdem
401 1564 581 1604 auctoris
607 1563 816 1604 erroribus
839 1563 1101 1614 cogitaveris,
1126 1563 1192 1603 vix
1214 1562 1291 1603 tibi
1313 1559 1564 1613 persuadeas

191 1637 243 1678 ad
273 1637 349 1678 hoc
381 1649 484 1689 opus
516 1637 556 1677 id
588 1638 809 1689 pertinere.
861 1636 962 1678 Vult
993 1637 1101 1677 enim
1126 1636 1274 1678 Suidas
1307 1639 1395 1677 toto
1426 1634 1564 1676 libello

191 1712 396 1753 contineri
430 1711 750 1764 descriptionem
783 1723 943 1762 eorum,
977 1722 1083 1764 quae
1114 1710 1224 1762 apud
1255 1709 1410 1752 inferos
1441 1708 1563 1759 fiant3

190 1786 309 1838 quasi
342 1798 438 1827 vero
470 1797 552 1827 non
585 1786 626 1826 in
658 1786 749 1838 ipsa
781 1786 859 1827 hac
890 1786 976 1827 vita
1008 1785 1202 1827 eveniant
1232 1797 1299 1835 ea,
1333 1783 1382 1824 de
1413 1783 1563 1835 quibus

192 1860 342 1912 agitur.
405 1859 522 1910 Quod
555 1872 653 1902 vero
685 1860 737 1902 ad
768 1859 988 1902 introitum
1020 1860 1130 1901 vitae
1160 1882 1217 1887 —
1248 1858 1296 1899 de
1330 1857 1436 1899 Orco
1468 1869 1564 1898 nus-

190 1946 313 1986 quam
346 1935 497 1976 dicitur
530 1958 584 1963 —
616 1939 734 1977 stans
765 1946 916 1975 numen
949 1933 1133 1975 divinum
1165 1933 1215 1974 de
1253 1935 1369 1973 recta
1401 1930 1564 1972 vivendi

191 2009 353 2050 ratione
384 2010 435 2050 iis
464 2010 678 2062 praecipit,
710 2009 780 2062 qui
813 2008 1026 2050 introituri
1057 2011 1154 2049 sunt
1176 2007 1217 2048 in
1241 2007 1369 2047 vitam
1390 2005 1563 2047 necdum

191 2084 232 2124 in
265 2095 314 2124 ea
347 2088 566 2125 versantur
596 2069 716 2134 (Tab.
751 2087 793 2133 4,
828 2083 890 2133 3),
923 2083 1014 2134 quis
1048 2081 1124 2122 hoc
1155 2083 1338 2133 premat,
1377 2080 1412 2121 si
1444 2079 1565 2120 modo

191 2157 319 2198 totius
364 2157 459 2198 libri
507 2158 593 2199 vult
639 2156 986 2209 comprehendere
1033 2154 1352 2207 argumentum?
1428 2153 1565 2206 Atque

192 2230 379 2279 fuerunt,
427 2232 497 2283 qui
544 2235 688 2273 tantas
734 2231 794 2272 illi
842 2231 1050 2282 imputare
1095 2229 1276 2281 ineptias
1322 2228 1446 2270 veriti
1491 2239 1565 2279 pro

193 2306 282 2346 ἔστι
309 2303 357 2346 δὲ
381 2329 433 2333 -
460 2307 521 2346 ἔτι
545 2303 593 2347 δὲ
614 2305 875 2348 scribendum
904 2305 1155 2354 conicerent,
1186 2314 1336 2344 novum
1358 2301 1565 2355 quoddam

192 2392 294 2432 opus
326 2379 552 2432 significari
584 2380 791 2421 arbitrati.
846 2379 949 2420 Eam
982 2379 1037 2419 in‘
1057 2378 1305 2419 sententiam
1329 2376 1566 2427 disputave-

193 2458 292 2495 runt
316 2454 492 2505 Velsius,
514 2454 739 2505 Stanleius,
759 2454 989 2504 Menagius.
1038 2451 1241 2506 Equidem
1263 2452 1401 2493 malim
1425 2463 1566 2492 assen-

309 2571 340 2614 1)
368 2572 464 2616 Quae
504 2572 678 2606 Stobaeus
712 2582 754 2605 ex
789 2571 926 2605 Cebetis
962 2581 1069 2614 opere
1105 2569 1331 2613 transcripsit
1367 2568 1427 2611 (cf.
1462 2569 1565 2603 Phot.

193 2630 276 2664 bibl.
303 2630 378 2664 cod.
405 2629 570 2664 CLXVII
602 2630 635 2663 in
661 2629 773 2664 indice
799 2634 1000 2671 auctorum,
1033 2628 1160 2671 quibus
1185 2627 1358 2662 Stobaeus
1383 2636 1466 2661 usus
1491 2628 1566 2673 est),

191 2687 384 2731 perierunt.
