1888 3170
862 212 1175 249 -114—

335 324 377 362 in
410 322 570 363 Tabula
601 333 765 374 quoque
797 323 951 364 subest.
1021 324 1098 365 Est
1138 324 1247 364 enim
1280 324 1339 371 εἰς
1369 336 1452 364 non
1489 323 1606 373 „ad“,
1636 322 1707 363 sed

342 395 530 446 „domum
554 395 770 447 alicuius“,
802 396 861 437 ita
885 401 930 437 ut
946 409 1149 448 personae
1171 409 1321 438 nomen
1344 409 1418 448 pro
1439 397 1518 438 loci
1541 397 1707 438 nomine

334 469 594 510 adhibeatur.
657 469 833 515 Tamen,
867 482 959 511 cum
990 470 1055 511 hic
1093 483 1192 512 usus
1223 470 1332 522 apud
1366 471 1525 511 Atticos
1557 471 1612 510 sit
1643 482 1707 509 ra-

336 543 549 592 rissimus,
600 543 693 584 illos
737 543 925 584 Tabulae
970 544 1082 585 locos
1133 557 1215 585 non
1262 549 1364 595 puto
1408 544 1571 585 silentio
1617 556 1708 584 esse

335 617 662 668 praetereundos
673 615 718 668 1).

450 690 511 730 De
556 690 774 730 verborum
818 702 911 731 cum
961 692 1341 742 praepositionibus
1388 692 1708 742 compositorum

339 764 560 805 structuris
606 764 708 804 haec
754 764 853 804 mihi
900 765 1092 805 videntur
1145 766 1538 806 commemoratione
1583 765 1709 816 digna

336 851 445 879 esse:
477 841 542 889 7‚2
561 839 755 890 legimus:
788 834 905 891 παρὰ
935 836 983 879 δὲ
1006 840 1095 879 τῶν
1125 834 1272 880 αὐτῶν
1299 836 1431 879 πάλιν
1461 834 1709 892 ἀφαιρεῖται

335 913 596 965 παραχρῆμα
627 907 653 952 ἃ
692 911 867 953 δέδωκε.
941 912 1055 953 Haec
1095 914 1207 954 verbi
1249 908 1539 966 ἀφαιρεῖσθαι
1580 916 1711 954 Struc-

335 990 430 1026 tura
462 986 570 1037 apud
593 986 756 1027 Atticos
783 987 1007 1038 scriptores
1039 998 1121 1027 non
1152 987 1358 1038 reperitur
1390 987 1470 1027 nisi
1502 987 1559 1027 eis
1592 986 1708 1035 locis,

335 1060 485 1111 quibus
518 1061 601 1101 alia.
632 1064 757 1113 atque
794 1060 984 1112 privandi
1024 1061 1138 1101 notio
1170 1060 1207 1101 ei
1240 1061 1405 1111 subest,
1438 1060 1551 1100 velut
1582 1060 1708 1100 Arist.

335 1146 448 1186 vesp.
483 1137 579 1181 883,
612 1134 717 1174 Xen.
750 1146 839 1175 ven.
877 1137 990 1184 129,
1029 1134 1172 1186 Eurip.
1214 1134 1363 1175 Troad.
1402 1137 1524 1174 1034.
1592 1133 1710 1174 Unus

336 1208 463 1258 locus,
497 1220 620 1260 quem
652 1208 788 1248 obiter
819 1208 1045 1258 inspiciens
1077 1213 1220 1249 nostro
1252 1208 1429 1249 similem
1460 1219 1551 1248 esse
1583 1208 1709 1258 dicas,

338 1285 476 1323 exstat
507 1282 618 1333 apud
649 1282 773 1322 Isocr.
809 1293 956 1333 paneg.
990 1294 1029 1333 p.
1058 1284 1138 1322 252
1155 1294 1197 1322 e:
1230 1278 1535 1334 παραπλήσιον
1567 1280 1711 1333 ἐποίη-

339 1367 422 1396 σαν
453 1351 569 1407 παρὰ
602 1353 681 1408 μὲν
719 1355 809 1395 τῶν
846 1350 991 1395 ἄλλων
1023 1350 1126 1403 τοὺς
1163 1354 1330 1403 οἰκέτας
1365 1356 1425 1403 εἰς
1456 1354 1712 1407 ἐλευθερίαν

339 1424 707 1482 ἀφαιρουμένοις,
748 1430 872 1481 σφίσι
906 1423 1098 1477 ὁάὐτοῖς
1137 1425 1367 1469 δουλεύειν
1404 1423 1709 1480 ἀναγκάζουσι.

340 1505 395 1544 At
427 1503 493 1543 hic
526 1503 625 1543 illud
656 1499 772 1555 παρά
804 1514 885 1543 non
918 1503 977 1544 ita
1009 1503 1335 1553 intellegendum
1362 1510 1439 1553 est,
1472 1507 1518 1543 ut
1547 1506 1714 1554 repetat

338 1579 548 1619 notionem
581 1577 692 1617 illius
731 1571 836 1627 ἀπό,
879 1577 986 1627 quod
1019 1581 1081 1617 est
1107 1578 1150 1617 in
1183 1571 1491 1629 ἀφαιρεῖσθαι,
1525 1577 1597 1618 sed
1626 1571 1711 1617 ἀπό

338 1655 560 1703 propterea
591 1651 717 1692 verbo
749 1651 971 1701 αἱρεῖσθαι
1003 1651 1256 1702 adiungitur,
1289 1652 1398 1703 quod
1420 1652 1491 1704 qui
1521 1652 1564 1692 in
1589 1651 1710 1691 liber-

341 1730 474 1767 tatem
507 1725 723 1774 asseritur,
757 1738 781 1765 a
804 1725 1005 1766 servitute
1027 1729 1069 1765 et
1090 1738 1115 1765 a
1146 1726 1277 1767 servis
1300 1730 1535 1777 separatum
1568 1725 1711 1766 eadem

339 1860 415 1884 esse
441 1848 628 1890 confessus,
655 1846 715 1882 sed
741 1847 790 1880 ita
816 1847 996 1881 nonnullis
1021 1848 1106 1881 locis
1131 1848 1358 1882 consensione
1382 1848 1539 1882 codicum
1557 1847 1712 1891 probari,

344 1912 381 1940 ut
407 1905 591 1939 emendare
616 1904 821 1938 temeritatis
849 1909 949 1937 esset.
992 1904 1031 1937 In
1059 1903 1198 1938 eandem
1225 1905 1435 1938 sententiam
1454 1905 1618 1948 exposuit
1635 1904 1711 1938 Sin-

339 1963 430 1996 tenis
454 1962 498 1995 ad
524 1961 616 1995 Plut.
644 1960 769 1993 Pericl.
797 1970 933 1995 excurs.
960 1960 1009 1992 IV
1034 1971 1068 2003 p.
1087 1961 1170 2002 312,
1197 1960 1257 2002 qui
1283 1961 1467 1995 certiorem
1493 1961 1586 1995 hunc
1610 1971 1711 1994 usum

340 2029 415 2053 esse
441 2018 523 2052 dicit
548 2019 644 2061 apud
663 2023 822 2051 oratores
841 2017 977 2051 Atticos
1001 2023 1035 2051 et
1060 2028 1103 2051 ex
1127 2018 1382 2052 recentioribus
1411 2018 1575 2061 exempla
1599 2017 1712 2051 affert.

454 2075 481 2118 1)
507 2076 559 2108 De
584 2075 708 2108 ceteris
735 2074 1057 2117 praepositionibus
1083 2073 1170 2107 nihil
1187 2074 1299 2108 habeo
1319 2074 1412 2117 quod
1430 2084 1708 2109 commemorem.

339 2132 439 2174 Quod
458 2132 548 2164 enim
566 2131 771 2174 Luettgeius
796 2131 851 2174 (de
869 2130 1007 2175 Polybii
1024 2130 1231 2173 elocutione,
1256 2130 1466 2165 Nordbusae
1493 2133 1578 2165 1863
1603 2143 1637 2175 p.
1658 2132 1712 2174 14)

338 2184 440 2231 παρά
468 2188 527 2221 ubi
555 2189 693 2231 quaeris
720 2198 811 2231 „quo
828 2187 925 2221 loco“
953 2198 1022 2221 non
1048 2198 1170 2230 „quem
1196 2187 1230 2220 in
1247 2187 1382 2221 Ιοοιιῐι]α
1409 2199 1485 2221 eum
1510 2187 1711 2222 accusativo

339 2247 562 2280 coniunctum
597 2245 696 2287 (Tab.
724 2246 806 2287 5‚1;
834 2246 915 2287 4,2;
944 2245 1050 2287 12‚2,
1076 2243 1226 2286 saepius)
1260 2243 1488 2286 Polybianum
1519 2254 1592 2278 esse
1618 2244 1713 2285 dicit,

342 2303 416 2337 eius
431 2314 513 2337 usus
530 2302 690 2345 exempla
704 2302 806 2335 etiam
822 2301 918 2344 apud
933 2301 1160 2343 Herodotum,
1176 2300 1425 2344 Thucydidem,
1443 2301 1712 2344 Xenophontem

339 2365 490 2394 exstant.
546 2359 599 2393 Ne
631 2360 664 2393 id
699 2359 856 2402 quidem,
888 2359 980 2402 quod
1012 2354 1113 2400 παρά
1145 2369 1172 2391 c.
1205 2358 1358 2400 genitivo
1389 2358 1590 2401 copulatum
1621 2368 1712 2392 com-

339 2417 504 2460 pluribus
522 2416 607 2450 locis
625 2417 788 2457 occurrit,
807 2416 932 2459 quibus
951 2426 1249 2459 supervacaneum
1267 2421 1319 2449 est
1344 2417 1426 2457 (7‚3:
1453 2410 1474 2458 ἡ
1493 2409 1578 2458 παρ’
1597 2409 1713 2458 αὐτῆς

340 2470 461 2514 δόσις;
489 2475 580 2515 31,5:
605 2469 698 2515 πρὸς
715 2469 782 2515 τὴν
800 2467 884 2514 παρ’
903 2466 1020 2515 αὐτῆς
1037 2468 1154 2514 δόσιν,
1172 2474 1226 2514 31,
1240 2474 1275 2504 2:
1303 2468 1394 2514 πρὸς
1411 2468 1476 2510 τὰς
1493 2466 1578 2514 παρ’
1597 2466 1713 2514 αὐτῆς

340 2526 480 2570 ὃόσεις;
499 2531 553 2572 24,
568 2531 604 2562 3:
622 2525 663 2562 τό
681 2525 782 2571 παρὰ
800 2529 866 2561 τοῦ
886 2529 1085 2571 δαιμονίου
1099 2524 1343 2571 πρόσταγμα),
1362 2528 1567 2562 recentioris
1584 2528 1711 2562 aetatis

343 2588 507 2621 indicium
533 2597 607 2621 esse
625 2588 827 2620 existimem.
870 2586 945 2619 Hoc
963 2586 1054 2619 enim
1073 2595 1282 2629 quamquam
1300 2585 1437 2629 Polybii
1462 2590 1578 2619 aetate
1602 2585 1712 2627 magis

341 2644 519 2686 magisque
550 2644 761 2685 increbruit,
793 2642 836 2675 ab
869 2643 1021 2685 optimae
1048 2642 1266 2675 Graecitatis
1298 2641 1532 2683 scriptoribus
1566 2651 1635 2674 non
1659 2646 1712 2675 est

340 2699 498 2733 alienum.
