1888 3170
891 198 1175 235 —52—

351 307 452 349 Cum
491 308 598 349 falsa
634 309 711 350 hac
740 308 990 350 Eruditione
1031 320 1159 350 senex
1190 310 1339 351 suadet
1376 314 1423 351 ut
1460 310 1718 363 aliquantum

347 382 546 434 temporis
567 393 782 423 versemur
813 386 855 423 et
885 383 1168 436 quodcumque
1200 385 1301 425 utile
1332 396 1423 426 esse
1444 384 1634 425 videatur
1665 385 1717 425 ab

348 468 399 496 ea
429 456 678 507 accipiamus
710 460 923 509 tamquam
953 457 1165 510 viaticum,
1190 461 1299 509 32‚4.
1351 457 1472 499 Dona
1502 458 1590 499 eius
1622 463 1719 499 sunt

347 525 578 581 γράμματα
615 527 688 570 καὶ
725 531 815 570 τῶν
855 526 999 571 ἄλλων
1036 529 1310 584 μαθημάτων
1356 526 1383 572 ἃ
1419 529 1491 571 καὶ
1527 528 1718 573 Πλάτων

348 600 486 654 φησὶν
525 597 687 643 ὡσανεὶ
717 605 899 656 χαλινοῦ
932 620 1052 653 τινος
1088 603 1280 657 δύναμιν
1315 601 1430 659 ’ἐχειν
1469 613 1560 655 τοῖς
1590 605 1717 657 νέοις,

346 675 419 716 ἵνα
449 670 505 729 μὴ
539 677 599 724 εἰς
630 676 754 729 ἔτερα
784 680 1080 730 περισπῶνται
1103 679 1304 731 (33‚3)¹).
1362 680 1620 732 Quamquam
1651 680 1718 720 via

346 748 471 799 non2)
503 755 566 791 est
596 752 648 791 ad
680 763 818 792 veram
851 753 1123 795 eruditionem
1154 754 1293 796 ferens
1332 754 1412 795 nisi
1449 765 1556 807 quae
1593 758 1718 796 antea

346 824 490 866 tulerit
533 825 586 866 ad
626 825 776 867 falsam
807 826 1116 878 Eruditionem,
1159 832 1298 869 tamen
1341 841 1423 870 non
1454 839 1623 869 necesse
1653 831 1717 869 est

345 899 485 939 ornari
508 898 640 940 falsae
661 900 921 942 Eruditionis
943 901 1082 943 donis:
1115 901 1256 954 (33,4)
1278 898 1447 956 ἀνάγκη
1479 900 1559 954 μὲν
1591 897 1716 942 οὐδε-

345 973 441 1024 μιάς
474 973 554 1014 etsi
580 973 685 1014 nihil
716 987 777 1025 ea,
809 988 932 1027 quam
968 976 1293 1017 Ψευδοπαιὸεία
1322 977 1508 1029 praebet,
1542 975 1718 1017 scientia

344 1045 503 1087 confert
542 1047 595 1088 ad
641 1060 776 1090 mores
817 1050 1081 1101 corrigendos
1130 1050 1283 1102 quique
1332 1063 1381 1092 ea
1424 1050 1572 1091 imbuti
1619 1054 1717 1091 sunt

344 1120 447 1160 nihil
479 1121 530 1162 iis
562 1127 791 1173 praestant,
823 1123 893 1174 qui
925 1135 975 1164 ea
1005 1128 1151 1165 carent
1183 1125 1329 1175 (34,1),
1362 1128 1504 1165 tamen
1535 1124 1715 1166 eruditio

344 1194 416 1235 illa
447 1207 529 1235 non
563 1195 721 1237 inutilis
752 1208 842 1237 esse
874 1197 1135 1248 perhibetur:
1170 1202 1235 1249 33,
1251 1202 1376 1240 4-6.
1437 1199 1553 1240 Haec
1582 1199 1715 1251 primo

343 1269 490 1310 obtutu
531 1270 639 1310 iuter
679 1282 723 1311 se
759 1282 946 1322 pugnare
976 1271 1184 1314 videntur.
1246 1272 1404 1323 Quibus
1443 1273 1553 1314 enim
1590 1274 1714 1315 rebus

457 1382 483 1420 ¹)
510 1394 540 1417 v.
566 1394 672 1426 supra
707 1395 739 1426 p.
769 1385 870 1427 15sq.
919 1384 1075 1419 Eandem
1109 1386 1315 1419 sententiam
1350 1386 1522 1421 Isocrates
1554 1386 1639 1421 Pan.
1674 1388 1716 1420 10

342 1439 395 1472 his
421 1441 612 1483 expressit:
645 1439 681 1474 εἰ
703 1440 766 1474 καὶ
791 1438 910 1484 μηδὲν
936 1436 1024 1475 α’λλο
1057 1437 1258 1484 δυνήσεται
1289 1438 1335 1475 τὰ
1365 1439 1573 1486 μαθήματα
1598 1443 1715 1476 ταῦτα

341 1500 465 1530 ποιεῖν
492 1491 659 1540 αγαθόν,
694 1492 767 1531 αλλ
796 1497 865 1532 οὑν
899 1493 1104 1542 αποτρέπει
1138 1511 1177 1542 γε
1212 1511 1302 1538 τους
1335 1497 1542 1543 νεωτέρους
1571 1500 1715 1533 πολλῶν

343 1548 463 1586 α’λλων
487 1548 772 1598 ἁμαρτημάτων.

458 1609 485 1654 2)
513 1605 604 1644 Οὐκ
640 1609 738 1645 ἔστιν
772 1611 993 1646 scribendum
1027 1622 1103 1646 esse
1135 1613 1325 1647 rectissime
1357 1614 1493 1647 monuit
1518 1613 1714 1657 Sauppeius

342 1667 365 1701 l.
391 1668 415 1702 l.
440 1679 474 1710 p.
500 1669 578 1709 775,
604 1669 702 1702 cuius
721 1669 958 1703 coniecturam
984 1670 1095 1703 secuti
1111 1676 1193 1704 sunt
1219 1675 1254 1704 et
1277 1670 1306 1704 is
1331 1671 1388 1714 qui
1409 1672 1611 1713 nuperrime
1629 1670 1714 1705 Ger-

343 1726 477 1758 manice
502 1727 608 1759 vertit
626 1726 810 1769 Tabulam,
835 1726 1038 1769 Kraussffls,
1063 1732 1097 1760 et
1115 1727 1320 1763 Jerramius.
1363 1728 1470 1761 Nullo
1496 1728 1605 1761 totius
1629 1727 1713 1761 libri

340 1781 417 1815 loco
443 1782 512 1815 alia
538 1783 592 1815 via
619 1788 922 1825 commemoratur,
948 1793 1018 1826 qua
1043 1783 1088 1816 ad
1113 1794 1229 1817 veram
1250 1784 1482 1818 eruditionem
1501 1784 1611 1827 possit
1634 1793 1714 1827 per-

340 1839 472 1882 veniri;
498 1839 602 1873 immo
630 1850 737 1873 senex
762 1840 845 1883 ipsis
871 1840 988 1874 verbis
1013 1840 1097 1874 dicit
1123 1842 1199 1883 32,4
1225 1841 1429 1884 priusquam
1455 1841 1498 1875 ad
1523 1842 1613 1875 hanc
1637 1851 1714 1885 per-

344 1896 478 1935 venias,
515 1896 558 1930 ad
597 1896 720 1930 falsam
756 1897 1000 1931 Eruditionem
1036 1907 1109 1932 esse
1145 1897 1382 1932 accedendum.
1432 1897 1568 1931 Deinde
1605 1898 1715 1932 totius

346 1953 505 1996 picturae
530 1953 621 1987 ratio
647 1953 895 1996 impedimento
921 1960 985 1996 est,
1010 1964 1053 1988 ne
1079 1953 1121 1987 de
1145 1954 1213 1987 alia
1237 1954 1294 1988 via
1317 1954 1520 1996 cogitemus.
1568 1954 1660 1988 Nam
1685 1956 1715 1989 si

341 2020 445 2044 verae
484 2010 702 2044 Eruditionis
739 2010 953 2044 domicilium
991 2011 1142 2054 cingitur
1177 2010 1288 2044 falsae
1322 2010 1543 2045 Eruditionis
1580 2017 1714 2055 saepto,

341 2077 492 2110 quonam
519 2067 621 2101 modo
655 2067 697 2101 ad
722 2067 818 2101 illam
844 2067 942 2101 adire
968 2068 1065 2111 licet,
1095 2067 1161 2101 nisi
1192 2068 1312 2110 priore
1341 2067 1409 2101 hoc
1443 2074 1565 2110 saepto
1590 2069 1714 2112 permi-

341 2123 470 2164 grato?
529 2124 674 2158 Accedit
708 2124 804 2158 aliud
838 2130 1080 2167 argumentum
1115 2130 1219 2167 atque
1251 2124 1284 2157 id
1319 2125 1443 2158 summi
1466 2126 1648 2159 momenti:
1685 2126 1713 2160 si

341 2174 467 2214 ἔστιν
491 2182 720 2224 responderet
745 2191 867 2224 senex,
893 2188 1163 2216 consentaneum
1187 2187 1239 2214 est
1261 2181 1435 2224 hospitem
1451 2181 1518 2216 hoc
1541 2192 1713 2225 responso

343 2249 411 2271 non
438 2239 718 2282 acquiescentem
745 2239 985 2282 quaesiturum
1009 2249 1097 2274 esse:
1123 2239 1214 2272 ποία
1239 2236 1281 2272 δέ
1307 2235 1404 2272 ἐστιν
1429 2232 1542 2283 αὕτη;
1568 2251 1713 2284 eamque

340 2295 433 2328 viam
459 2295 621 2330 describi.
662 2295 696 2330 Is
721 2296 842 2339 codeX‚
868 2306 937 2339 quo
963 2307 1047 2331 usus
1073 2302 1123 2330 est
1148 2297 1322 2339 interpres
1340 2297 1512 2331 Arabicus
1537 2297 1591 2340 (de
1616 2297 1713 2332 cuius

339 2353 560 2394 praestantia
578 2352 620 2386 cf.
641 2353 760 2387 Muell.
786 2364 821 2396 p.
841 2355 883 2387 76
896 2354 973 2397 sq),
998 2359 1032 2387 et
1056 2353 1115 2388 hic
1139 2358 1174 2387 et
1199 2363 1239 2387 eo
1257 2353 1345 2396 loco,
1371 2353 1430 2396 qui
1447 2359 1498 2389 est
1514 2355 1592 2398 27‚3
1617 2360 1713 2389 recte

339 2408 528 2442 exhibebat
555 2403 607 2442 ου’
616 2422 649 2443 κ.
693 2410 793 2453 Quod
818 2421 899 2444 vero
918 2412 996 2453 35,2
1021 2411 1045 2444 ii
1063 2417 1388 2448 commemorantur,
1414 2421 1502 2453 quos
1526 2411 1646 2446 videas
1671 2407 1712 2445 ἐκ

338 2466 406 2498 τοῦ
422 2461 572 2508 πρώτου
591 2462 792 2510 περιβόλου
808 2465 1158 2510 παραγιγνομένους
1175 2464 1227 2505 εἰς
1245 2462 1310 2499 τὸν
1327 2467 1450 2510 τρίτον
1468 2468 1667 2513 περίβολον
1681 2495 1688 2503 .
1703 2495 1711 2502 .

340 2520 377 2555 οἳ
394 2518 553 2562 τούτους
576 2519 666 2562 τοὺς
692 2520 984 2567 μαθηματικοὺς
1001 2519 1331 2567 παραλλάττουσιν,
1357 2525 1391 2558 id
1416 2525 1462 2559 ita
1481 2525 1713 2568 interpretan-

339 2579 419 2612 dum
454 2585 522 2621 est,
556 2586 594 2614 ut
628 2592 698 2615 non
735 2581 970 2616 existimemus
1005 2582 1085 2616 illos
1125 2581 1434 2615 Ψευὸοπαιδείαν
1468 2583 1608 2617 omnino
1642 2594 1711 2617 non

338 2636 524 2679 attingere,
550 2637 610 2672 sed
634 2648 738 2682 quam
763 2637 944 2672 celerrime
969 2647 1115 2682 pergere
1139 2648 1251 2681 neque
1276 2648 1353 2673 cum
1378 2639 1454 2673 eius
1477 2639 1711 2675 sectatoribus

338 2692 464 2728 diutius
489 2695 632 2729 versari.
