1888 3170
720 199 1002 236 -59—

180 313 345 354 maximi
376 311 562 362 fecisset,
605 310 732 352 Stoici
764 314 893 351 artem
925 309 1129 361 poeticam
1160 306 1397 348 laudassent
1417 304 1544 356 (Plut.

178 387 226 428 de
258 390 391 439 tranq.
426 398 492 426 an.
524 398 563 437 p.
592 384 740 435 122).¹)
801 384 924 425 Mitto
955 385 1176 424 admonere
1208 382 1258 422 de
1288 381 1358 421 illo
1390 383 1546 430 septem

178 461 486 512 disciplinarum
509 459 620 509 orbo,
652 458 721 511 qui
744 470 835 499 cum
860 457 1082 498 Alexandri
1105 457 1267 497 demum
1295 452 1548 506 temporibus

178 535 430 576 constitutus
472 534 529 575 sit
572 534 674 575 satis
716 532 901 573 declarat
945 532 1137 573 Pinacem
1181 529 1363 571 Socratis
1411 530 1550 568 aetate

180 622 260 650 non
302 620 392 650 esse
432 607 725 659 compositum:
773 606 814 647 id
856 607 986 647 teneri
1030 606 1143 654 volo,
1191 603 1384 645 Cebetem
1417 612 1550 653 neque

179 688 441 724 contemnere
472 681 730 722 dialecticam
762 685 975 722 ceterasve
1005 680 1096 720 illas
1129 678 1386 730 disciplinas,
1419 687 1550 727 neque

181 769 229 798 ne
262 758 311 797 iis
343 768 508 808 operam
541 756 684 797 demus
706 754 893 805 suadere,
927 754 996 794 sed
1029 753 1072 794 id
1093 753 1265 801 hortari,
1298 763 1349 791 ne
1380 750 1550 791 nimium

179 833 221 872 in
253 831 303 872 iis
334 831 516 872 studium
549 841 838 871 consumamus
871 841 972 870 neve
1013 828 1062 869 iis
1094 828 1290 868 virtutem
1330 834 1552 875 veramque

180 904 452 946 eruditionem
480 905 695 956 opinemur
716 904 866 956 parari.
918 902 1009 944 Hoc
1040 906 1178 943 autern
1200 901 1349 942 Stoicis
1372 899 1551 941 alienum

180 993 260 1022 non
293 992 381 1021 esse
411 979 521 1020 infra
552 979 829 1021 ostendemus.

295 1055 457 1096 Deinde
488 1054 595 1107 quod
630 1054 679 1094 de
701 1052 871 1094 Socrate
901 1051 963 1092 illi
988 1051 1223 1100 admonent,
1255 1049 1326 1101 qui
1347 1048 1448 1089 item
1468 1057 1545 1086 see

182 1129 386 1170 tatoribus
421 1128 504 1169 suis
538 1127 820 1179 imperaverit,
854 1137 904 1166 ne
935 1124 1052 1165 nimii
1085 1127 1222 1164 essent
1254 1123 1295 1162 in
1328 1119 1556 1173 geometria

184 1203 493 1246 astronomiam
525 1199 786 1254 discendis2),
832 1199 960 1242 Cebes
1001 1200 1045 1239 in
1075 1198 1225 1239 iudicio
1258 1197 1306 1237 de
1339 1196 1403 1236 his
1433 1194 1556 1236 rebus

182 1278 369 1320 faciendo
401 1278 588 1329 sequitur
621 1288 804 1318 normam
837 1287 860 1316 a
890 1275 1057 1316 Socrate
1078 1274 1199 1325 plane
1222 1273 1439 1313 diversam.
1482 1269 1555 1311 So-

183 1358 315 1395 crates
347 1353 456 1394 enim
489 1364 538 1393 ex
569 1352 652 1393 illis
685 1351 845 1392 artibus
878 1361 938 1401 ea,
970 1360 1075 1402 quae
1107 1348 1158 1389 ad
1192 1348 1319 1388 vitam
1353 1344 1444 1386 usui
1474 1355 1555 1385 non

183 1434 298 1479 sunt,
347 1440 370 1468 a
414 1427 620 1468 communi
662 1425 894 1466 eruditione
938 1428 1076 1464 censet
1118 1420 1369 1463 removenda
1415 1417 1557 1469 esse3).

184 1503 359 1545 Utilitas
380 1502 521 1554 igitur,
554 1513 634 1554 qua
656 1501 725 1541 illa
747 1503 844 1540 sunt
866 1498 917 1540 ad
939 1499 1069 1539 vitam
1099 1496 1365 1546 cotidianam,
1397 1492 1559 1536 Socrati

185 1589 331 1618 norma
364 1579 426 1618 est
457 1575 678 1617 iudicandi.
731 1574 846 1623 Quae
876 1577 1079 1626 quantum
1102 1571 1212 1613 absit
1243 1583 1268 1611 a
1290 1568 1448 1610 Tabula
1469 1568 1561 1609 luce

185 1651 334 1693 clarius
375 1655 449 1692 est.
513 1649 641 1691 Cebes
682 1649 791 1690 enim
835 1647 1177 1697 ψευδοπαιὸείας
1216 1648 1441 1686 sectatores
1477 1654 1560 1682 non

189 1727 240 1769 ob
262 1726 304 1767 id
326 1725 604 1778 reprehendit,
637 1724 745 1777 quod
769 1728 931 1775 tempus
954 1724 1095 1763 terant
1115 1721 1166 1761 iis
1188 1719 1310 1760 rebus
1342 1716 1559 1767 discendis,

187 1813 361 1854 quarum
392 1811 491 1840 usus
522 1810 603 1840 non
639 1798 705 1848 sit,
737 1809 870 1849 neque
903 1795 1011 1849 quod
1043 1807 1186 1837 eorum
1208 1792 1432 1845 cognitioni
1467 1802 1562 1843 ope-

188 1887 276 1916 ram
309 1874 419 1925 dent,
453 1885 557 1926 quae
589 1872 673 1914 sint
703 1884 830 1924 supra
860 1869 1191 1921 intellegentiam
1222 1868 1457 1917 humanam,
1491 1866 1562 1907 sed

187 1949 286 2002 quia
317 1949 369 1990 iis
400 1947 524 1990 rebus
547 1959 687 1988 veram
719 1946 846 1987 animi
869 1945 1142 1986 eruditionem
1166 1946 1314 1996 putent
1345 1940 1562 1991 contineri,

189 2035 294 2076 quae
326 2023 379 2064 ad
410 2033 547 2064 mores
579 2021 842 2072 corrigendos
881 2019 983 2060 nihil
1021 2017 1239 2060 conferant
1275 2028 1463 2069 quaeque
1493 2015 1563 2068 qui

190 2098 324 2139 sciunt
356 2109 438 2138 non
470 2096 605 2137 minus
637 2108 759 2147 quam
794 2094 916 2136 ceteri
955 2096 1098 2135 errant
1130 2092 1179 2133 de
1220 2092 1340 2133 bonis
1372 2095 1414 2132 et
1444 2090 1564 2131 malis

193 2183 468 2223 perverseque
499 2174 541 2212 et
571 2170 750 2222 turpiter
780 2170 943 2210 vivunt:
974 2167 1077 2209 Tab.
1106 2169 1168 2208 34.
1234 2165 1389 2207 Deinde
1420 2177 1468 2206 ea
1499 2164 1565 2206 lit-

310 2296 334 2338 ¹)
361 2294 402 2329 cf.
430 2294 585 2329 Feurlin.
612 2305 644 2338 p.
671 2294 726 2327 55.

310 2352 337 2395 ²)
365 2352 526 2395 Xenoph.
551 2362 673 2386 comm.
699 2352 772 2394 4,7;
797 2349 838 2385 cf.
867 2352 932 2393 1,1,
960 2350 1105 2383 11-16.

311 2409 338 2453 3)
364 2409 453 2444 Xen.
479 2419 601 2443 comm.
628 2410 660 2451 4,
679 2411 710 2452 7,
714 2410 750 2441 2:
775 2407 1004 2451 γεωμετρίαν
1021 2404 1125 2451 μέχρι
1143 2418 1211 2450 μεν
1228 2416 1365 2438 τουτου
1393 2400 1467 2447 ἔφη
1486 2403 1567 2436 δεῖν

193 2465 418 2529 μανθάνειν,
446 2463 513 2504 ἕως
540 2461 670 2504 ἷκανός
695 2477 748 2504 τις
774 2462 940 2507 γένοιτο,
976 2463 1015 2497 εἰ
1033 2474 1124 2496 ποτε
1151 2456 1314 2505 δεήσειε,
1349 2461 1419 2504 γῆν
1449 2457 1567 2505 μέτρῳ

194 2516 318 2564 ὀρθῶς
354 2535 373 2565 η
409 2523 640 2567 παραλαβεῖν
667 2515 688 2565 ἢ
714 2521 957 2564 παραδοῦναι
989 2515 1011 2564 ἢ
1048 2520 1240 2562 διανεῖμαι
1273 2512 1294 2561 ἢ
1331 2514 1440 2560 ἔργον
1475 2510 1569 2550 ἄπο-

196 2578 397 2620 &sagacem
521 2578 604 2613 ibid.
631 2581 667 2612 3:
705 2572 773 2621 &a
806 2577 875 2620 μὲν
909 2573 978 2620 γὰρ
1015 2571 1178 2620 ωφελοιή
1214 2575 1349 2617 ταῦτα,
1387 2585 1455 2606 ουκ
1494 2570 1568 2617 ἔφη

194 2630 289 2678 ὁρᾶν
315 2662 347 2670 ..
367 2661 374 2670 .
393 2661 400 2670 ,
427 2636 463 2670 5:
501 2629 687 2679 ωφέλειαν
718 2632 786 2679 μὲν
818 2631 887 2679 γὰρ
913 2628 1095 2678 οὐδεμίαν
1130 2626 1212 2667 οὐδ’
1244 2627 1284 2666 ἐν
1315 2626 1464 2670 τούτοις
1495 2626 1568 2674 ἔφη

170 2699 177 2715 Ν
195 2687 297 2737 ὁρᾶν.
