1888 3170
872 187 1124 224 ..6-

313 287 464 329 Phaed.
500 291 551 329 59
584 289 633 330 bc
659 289 864 343 Simmias,
898 293 1041 347 Cebes,
1073 295 1356 337 Phaedonides
1388 307 1471 336 non
1502 307 1582 346 quo
1614 308 1679 337 ce-

312 361 414 402 teris
446 362 623 402 minores
654 367 757 405 natu
777 364 942 418 fuerint,
975 369 1047 410 sed
1067 370 1164 422 quia
1185 368 1391 421 peregrini
1423 375 1555 420 erant,
1587 374 1682 421 post

314 441 472 476 ceteros
495 441 881 480 commemorantur.
934 441 1123 483 Eandem
1144 445 1346 484 rationem
1369 454 1491 484 nemo
1513 443 1683 494 negabit

313 507 422 559 apud
453 507 770 561 Xenophontem
801 523 962 565 quoque
992 516 1132 557 valere
1163 518 1356 568 potuisse.
1410 517 1610 558 Attamen
1632 518 1682 558 de

312 582 390 623 hoc
420 583 508 624 loco
541 583 832 635 Xenophontio
864 599 946 628 non
978 592 1042 630 est
1066 590 1380 642 desperandum.
1435 591 1564 641 Quem
1587 591 1683 632 huic

313 657 605 710 disceptationi
651 659 743 700 usui
798 671 886 701 esse
928 662 1011 703 iam
1057 663 1327 716 Drosihnus¹)
1371 664 1681 715 animadvertit,

312 731 381 782 qui
413 734 554 772 tamen
586 733 714 773 nimia
745 746 795 773 ex
827 745 874 774 eo
906 735 1007 776 mihi
1027 737 1190 778 videtur
1221 739 1448 790 collegisse.
1500 739 1683 780 Primum

312 807 421 847 enim
465 807 506 848 id
551 807 718 859 premit,
763 808 871 861 quod
913 808 1142 861 Xenophon
1185 824 1292 854 anno
1325 813 1443 864 3942)
1483 813 1684 864 quinqua—

311 882 505 931 genarius
547 880 741 923 Cebetem
773 882 883 924 dicat
913 880 1226 937 πρεσβύτερον.
1301 887 1354 927 At
1395 887 1683 939 Xenophontis

313 960 428 996 aetas
466 956 508 995 in
551 955 628 996 hac
667 968 711 997 re
754 957 906 999 nullius
948 961 1011 999 est
1052 959 1268 1010 momenti,
1310 971 1401 1000 cum
1432 972 1513 1001 non
1547 973 1685 1002 secum

313 1028 507 1071 Cebetem
529 1030 597 1071 ille
615 1035 837 1083 comparet,
862 1045 994 1085 neque
1015 1033 1238 1086 quidquam
1257 1034 1410 1083 obstat,
1433 1035 1533 1086 quin
1550 1035 1686 1078 Xeno-

311 1103 439 1156 phon,
482 1105 646 1146 etiamsi
687 1106 776 1157 ipse
807 1107 939 1148 maior
970 1112 1073 1148 natu
1116 1113 1226 1159 erat,
1271 1108 1464 1150 Cebetem
1497 1109 1686 1150 adultum

314 1176 457 1220 Cebeti
481 1178 736 1221 adolescenti
754 1179 985 1237 (νεωτέρῳ)
1004 1194 1216 1234 opponens
1239 1183 1350 1223 dicat
1371 1179 1684 1235 πρεσβύτερον.

312 1251 470 1292 Deinde
502 1252 734 1294 Drosihnus
767 1254 854 1294 vult
874 1255 1209 1307 Xenophontem,
1242 1269 1333 1297 cum
1368 1259 1429 1298 ita
1460 1257 1509 1298 de
1532 1256 1686 1299 Cebete

312 1325 528 1376 iudicaret,
560 1326 690 1368 vitam
722 1327 832 1369 illius
865 1329 984 1380 quasi
1008 1329 1242 1371 absolutam
1264 1331 1568 1384 maximamque
1599 1332 1686 1373 eius

311 1404 473 1452 partem
504 1406 720 1454 peractam
740 1406 927 1454 putasse.
980 1403 1028 1444 Id
1058 1404 1168 1456 quod
1194 1416 1275 1446 non
1298 1405 1490 1446 concedo.
1542 1406 1688 1458 Neque

311 1476 419 1516 enim
464 1475 598 1527 ipsum
636 1476 905 1528 vocabulum,
947 1477 1055 1529 quod
1098 1483 1162 1520 est
1192 1475 1502 1532 πρεσβύτερος,
1545 1492 1686 1522 senem

311 1548 521 1600 significat
564 1550 707 1601 (immo
738 1551 803 1592 vel
833 1551 868 1591 is
906 1552 977 1604 qui
1014 1552 1275 1603 trigesimum
1314 1565 1468 1594 annum
1504 1554 1613 1605 agit,
1652 1554 1688 1595 si

312 1635 402 1664 cum
429 1623 658 1666 minoribus
681 1628 784 1666 natu
806 1630 1085 1677 comparatur,
1117 1623 1410 1678 πρεσβύτερος
1442 1630 1523 1680 est)
1554 1640 1687 1681 neque

311 1697 387 1739 tibi
418 1699 675 1750 persuaseris
707 1699 792 1740 tale
823 1699 1019 1741 iudicium
1050 1700 1129 1742 nisi
1171 1701 1220 1742 de
1264 1713 1332 1752 eo,
1376 1702 1446 1753 qui
1486 1702 1536 1742 ad
1577 1702 1688 1743 vitae

311 1771 433 1813 finem
464 1774 671 1824 pervenit,
716 1772 804 1815 fieri
836 1786 919 1815 non
960 1786 1096 1826 posse.
1158 1775 1362 1828 Equidem
1403 1776 1453 1817 de
1491 1776 1687 1818 hocloco

312 1848 370 1888 sic
401 1848 672 1889 statuendum
694 1860 785 1890 esse
809 1848 1002 1891 arbitror.
1055 1849 1327 1891 Manifestum
1351 1855 1414 1892 est
1435 1850 1687 1902 Xenophon-

310 1925 393 1962 tem
427 1921 591 1964 Cebetis
624 1923 836 1964 assiduum
858 1923 1042 1965 Socratis
1075 1923 1271 1965 audiendi
1292 1924 1476 1965 studium
1508 1936 1687 1966 morum-

311 2008 390 2050 que
421 1996 721 2048 integritatem,
755 2010 836 2051 qua
867 2010 940 2050 per
971 2002 1101 2040 totam
1128 1999 1259 2039 vitam
1292 2010 1384 2039 eum
1415 1998 1516 2040 dicit
1562 1998 1691 2042 fuisse

312 2082 393 2112 non
415 2072 602 2123 potuisse
633 2084 842 2125 opponere
863 2072 1092 2114 Alcibiadis
1123 2076 1165 2114 et
1198 2071 1353 2114 Critiae
1374 2073 1537 2114 levitati
1564 2075 1688 2115 mori-

311 2145 469 2198 busque
499 2150 594 2198 post
625 2146 837 2188 Socratem
869 2147 1058 2188 relictum
1081 2147 1335 2200 depravatis,
1368 2147 1448 2189 nisi
1473 2159 1605 2201 usque
1635 2148 1688 2189 ad

426 2263 459 2308 1)
485 2264 549 2298 Die
575 2264 652 2299 Zeit
677 2265 734 2299 des
761 2265 883 2306 Πίναξ
909 2262 1078 2308 Κέβητος
1102 2274 1137 2307 p.
1164 2266 1196 2298 4.

428 2319 460 2364 2)
487 2321 564 2356 Hoc
589 2321 680 2355 enim
713 2332 806 2356 anno
837 2321 941 2356 sumit
975 2321 1246 2355 commentarios
1279 2321 1496 2365 conscriptos
1525 2331 1620 2365 esse;
1647 2322 1688 2356 de

313 2389 382 2423 qua
405 2389 443 2413 re
468 2379 584 2413 adhuc
617 2379 769 2413 nondum
807 2385 1058 2413 consenserunt
1091 2379 1157 2412 viri
1192 2379 1301 2422 docti„
1339 2389 1550 2423 quamquam
1582 2379 1688 2423 pleri·

312 2446 378 2480 que
403 2447 473 2471 non
491 2436 657 2471 differunt
674 2436 764 2470 inter
783 2447 820 2470 se
837 2436 904 2470 nisi
920 2446 1113 2480 paucorum
1132 2445 1304 2470 annorum
1322 2437 1435 2479 spatio
1455 2437 1688 2481 [399-394).

312 2493 519 2528 Dindorfius
553 2498 674 2528 contra
707 2493 787 2528 edit.
817 2493 925 2528 Oxon.
951 2505 984 2537 p.
1010 2493 1130 2527 XXVI
1167 2502 1278 2536 usque
1310 2493 1353 2527 ad
1387 2493 1514 2538 olymp.
1541 2494 1584 2527 99
1609 2504 1688 2536 pro-

312 2550 490 2593 greditur3
516 2550 600 2585 item
632 2550 782 2585 Cobetus
806 2551 935 2585 Mnem.
960 2550 1029 2584 VII
1053 2560 1218 2593 magnum
1235 2550 1405 2593 temporis
1422 2550 1572 2593 spatium
1597 2550 1689 2584 inter

314 2607 468 2642 Socratis
488 2612 635 2642 mortem
651 2612 685 2642 et
701 2607 1032 2642 commentariorum
1046 2606 1382 2650 Xenophontem-um
1401 2607 1687 2650 compositionem

312 2663 387 2698 vult
412 2664 656 2699 intercessisse.
