1888 3170
861 187 1145 225 -78—

316 297 583 337 inveniuntur
614 297 714 337 locis
745 309 782 347 p.
822 301 873 338 76
903 310 942 339 n.
975 301 998 338 2
1031 299 1169 341 allatis
1201 304 1243 340 et
1273 299 1421 340 Zelleri
1452 300 1549 342 hist.
1582 301 1680 352 phil.

317 369 388 410 Gr.
422 370 484 410 Ill
519 375 537 410 1
572 383 611 411 n.
645 370 701 410 4).

432 444 492 484 De
533 443 795 495 fortitudine,
838 445 1017 496 iustitia,
1063 448 1343 499 temperantia
1382 460 1463 488 non
1511 453 1575 490 est
1615 461 1685 489 cur

314 517 502 569 pluribus
541 517 763 569 disputem.
826 516 1109 573 Σωφροσύνη
1149 524 1190 561 et
1230 518 1499 573 e’yxpcimw)
1538 523 1622 563 iam
1659 536 1684 563 a

314 590 590 642 Xenophonte
618 591 728 632 inter
755 604 799 633 se
827 593 1133 645 coniunguntur
1156 593 1305 646 Cyrup.
1331 598 1354 634 7
1361 598 1417 645 ,5,
1442 598 1508 636 26.
1569 596 1683 637 Idem

313 666 472 706 invenis
490 666 599 717 apud
609 666 872 718 posteriores,
898 667 947 708 cf.
969 667 1273 710 Pseudo-Arist.
1296 669 1405 721 apud
1425 668 1537 710 Stob.
1562 674 1597 721 l,
1619 673 1681 711 18.

312 740 540 781 Stoicorum
563 741 772 782 sententia
794 738 1048 794 ἐγκράτειαν
1070 740 1362 796 σωφροσύνης
1384 745 1560 796 speciem
1591 756 1683 785 esse

311 826 440 866 eaque
472 815 762 866 comprehendi
800 818 920 858 testis
952 821 1015 858 est
1048 817 1161 859 Stob.
1207 818 1279 859 ecl.
1310 818 1391 860 eth.
1420 822 1510 860 106θ
1562 819 1684 860 Eius-

311 889 403 929 dem
435 886 728 942 σωφροσύνης
758 895 919 942 partem
953 893 1042 933 esse
1072 891 1198 934 Stoici
1231 892 1451 934 voluerunt
1481 888 1683 942 εὐταξίαν

311 963 441 1015 (Stob.
476 963 548 1004 ecl.
581 964 664 1005 eth.
702 964 812 1016 106).
874 965 962 1006 Hac
1000 966 1041 1006 in
1080 979 1124 1007 re
1163 966 1303 1008 Stoica
1335 967 1552 1019 disciplina
1590 979 1683 1008 auc-

308 1042 441 1079 torem
463 1037 649 1079 Tabulae
679 1039 886 1081 imbutum
918 1040 1046 1082 fuisse
1077 1041 1184 1082 haud
1217 1042 1390 1083 obscure
1418 1042 1681 1094 perspicitur.

311 1110 564 1152 Vocabulum
603 1113 714 1154 enim
759 1114 867 1165 quod
905 1118 970 1155 est
1007 1109 1182 1163 εὐταξία
1229 1116 1280 1156 ad
1324 1127 1410 1155 rem
1454 1116 1677 1157 militarem

306 1185 430 1236 vulgo
462 1187 645 1237 pertinet
676 1187 1064 1241 oboedientiamque
1098 1189 1242 1230 militis
1274 1187 1502 1241 significat,
1536 1190 1612 1240 vel,
1646 1190 1680 1230 si

307 1259 433 1300 latius
471 1264 607 1311 patet,
652 1261 953 1302 oboedientiam
996 1261 1139 1313 eivis2)
1180 1275 1313 1316 neque
1352 1276 1377 1304 a
1407 1263 1683 1315 Xenophonte

308 1333 528 1374 adhibetur
558 1334 641 1375 nisi
663 1334 741 1376 hac
769 1333 994 1387 notione3).
1045 1335 1392 1388 Philosophorum
1415 1337 1682 1389 supellectilis

308 1407 382 1448 hoc
398 1409 644 1450 vocabulum
663 1409 819 1450 factum
837 1408 1106 1462 definitioque
1121 1411 1158 1452 ei
1175 1411 1342 1453 admota
1357 1415 1421 1453 est
1438 1424 1463 1452 a
1477 1411 1624 1453 Stoicis
1633 1410 1680 1463 ⁴).

422 1545 449 1587 1)
475 1546 707 1589 Neglegentia
732 1546 881 1589 quadam
908 1546 1044 1581 Cebetis
1069 1547 1119 1582 fit.
1145 1552 1184 1581 ut
1209 1547 1308 1581 binas
1339 1551 1460 1590 partes
1484 1547 1518 1579 in
1545 1546 1682 1579 Tabula

303 1608 388 1646 agat
410 1598 642 1646 Ἐγκράτεια.
691 1604 845 1637 Primum
871 1604 961 1637 enim
992 1606 1030 1638 16
1063 1605 1161 1639 iuvat
1191 1605 1349 1639 homines
1375 1604 1419 1638 ad
1450 1614 1567 1638 veram
1595 1603 1681 1636 Eru-

305 1660 472 1694 ditionem
498 1660 737 1695 ascendentes.
786 1661 920 1695 Deinde
954 1662 1039 1703 20,3
1074 1662 1108 1694 in
1141 1662 1297 1704 ipsarum
1324 1661 1501 1695 Virtutum
1538 1670 1680 1693 numero

303 1722 471 1760 apparet,
507 1717 552 1751 ad
592 1727 679 1760 quas
715 1718 916 1761 pervenies,
954 1722 1138 1761 postquam
1165 1728 1280 1752 veram
1306 1717 1549 1751 Eruditionem
1581 1726 1680 1760 prae-

302 1773 453 1807 terieris.

418 1830 447 1873 ²)
474 1831 518 1864 cf.
544 1831 712 1874 Schmidt,
736 1831 849 1865 Ethik
874 1833 903 1865 d.
930 1831 1024 1865 alten
1050 1830 1110 1864 Gr.
1135 1831 1152 1864 I
1177 1832 1254 1864 314.

419 1885 445 1929 3)
473 1887 577 1930 Apud
601 1887 783 1922 Platonem
809 1888 875 1922 hoc
900 1888 1107 1922 vocabulum
1144 1899 1213 1921 non
1248 1888 1418 1929 occurrit3
1458 1886 1678 1921 definitiones

305 1944 394 1976 enim
413 1949 447 1978 et
463 1944 492 1978 is
516 1944 684 1988 dialogus,
709 1945 769 1988 qui
796 1945 994 1979 Alcibiades
1019 1945 1045 1979 Ι.
1071 1945 1285 1988 inscribitur,
1313 1944 1463 1988 genuina
1487 1954 1557 1977 non
1585 1948 1678 1978 sunt.

415 1999 442 2044 4)
469 2001 678 2045 Voluptates
703 1996 858 2049 εὐταξίᾳ
889 2003 1060 2045 coerceri,
1093 2002 1143 2036 ita
1178 2006 1216 2035 ut
1251 1996 1405 2043 εὐταξία
1430 2000 1546 2034 eadem
1572 2000 1677 2034 inter-

301 2059 476 2100 pretanda
501 2059 545 2092 sit
571 2064 675 2103 atque
702 2056 947 2103 σωφροσύνη,
983 2061 1106 2095 statuit
1132 2060 1271 2102 Crates3
1306 2058 1348 2093 cf.
1374 2057 1559 2092 Jamblicb.
1585 2057 1679 2100 apud

300 2114 396 2148 Stob.
417 2116 449 2157 5,
463 2116 517 2148 63.
553 2115 750 2150 Stoicorum
765 2116 1001 2151 definitionem
1020 2116 1154 2160 profert
1172 2116 1293 2149 Cicero
1308 2115 1351 2149 de
1365 2114 1420 2150 off.
1436 2115 1453 2148 I
1470 2117 1621 2159 40,142:
1642 2142 1648 2148 .
1664 2142 1670 2148 .

300 2171 395 2205 Haec
412 2177 529 2205 autem
546 2172 693 2207 scientia
707 2174 906 2208 continetur
924 2184 976 2217 ea,
1002 2183 1106 2217 quam
1126 2173 1250 2207 Graeci
1271 2167 1447 2214 εὐταξίαν
1472 2173 1670 2206 nominant:

299 2237 367 2260 non
391 2227 494 2271 hanc,
513 2239 618 2272 quam
634 2230 908 2273 interpretamur
925 2229 1142 2272 modestiam,
1160 2239 1228 2272 quo
1246 2228 1280 2262 in
1298 2228 1405 2262 verbo
1424 2228 1547 2264 modus
1565 2229 1674 2262 inest:

301 2288 353 2318 set
378 2284 439 2318 illa
464 2290 515 2319 est
543 2280 710 2330 εὐταξία,
734 2288 768 2321 in
795 2298 863 2331 qua
880 2288 1093 2330 intellegitur
1110 2285 1241 2321 ordinis
1266 2287 1497 2320 conservatio.
1550 2287 1676 2330 Itaque

298 2346 336 2374 ut
355 2342 496 2376 eandem
514 2353 577 2378 nos
594 2344 801 2379 modestiam
827 2345 1054 2389 appellemus,
1079 2344 1126 2379 sic
1151 2343 1316 2377 definitur
1341 2352 1362 2377 a
1379 2343 1516 2388 Stoicis,
1541 2348 1579 2377 ut
1605 2354 1675 2377 mo-

300 2398 410 2432 destia
436 2399 479 2433 sit
504 2400 652 2435 scientia
676 2411 793 2435 rerum
819 2411 956 2445 earum,
992 2410 1080 2445 quae
1111 2405 1260 2442 agentur
1293 2404 1354 2434 aut
1388 2400 1565 2443 dicentur,
1598 2399 1676 2434 loco

298 2465 361 2488 suo
384 2455 677 2491 collocandarum.
711 2454 950 2502 Σωφροσύνη
967 2457 1168 2500 adiungitur
1195 2450 1348 2498 εὐταξία
1373 2456 1476 2490 etiam
1501 2457 1546 2490 ab
1571 2456 1675 2499 Epic-

297 2517 368 2546 teto
387 2513 482 2556 apud
505 2514 603 2549 Stob.
623 2516 712 2558 5,92.
763 2515 935 2559 Didymus
953 2515 1064 2557 (Mull.
1083 2515 1119 2548 II
1136 2525 1170 2557 p.
1184 2515 1240 2557 68)
1259 2513 1366 2547 tradit
1385 2514 1582 2549 Stoicorum
1600 2524 1675 2548 sen-

297 2569 406 2604 tentia
430 2564 593 2604 οἷλυπιάν
617 2583 656 2605 τε
682 2571 746 2605 καὶ
781 2567 957 2614 εὐταξίαν
990 2568 1054 2611 τὰς
1090 2565 1207 2609 αὐτὰς
1243 2568 1339 2603 εἶναι
1364 2571 1407 2615 τῇ
1437 2565 1673 2615 σωφροσύνῃ.

297 2626 565 2670 [Peripateticos
589 2628 684 2672 ipsos
713 2640 853 2673 quoque
879 2630 1027 2664 voluisse
1053 2623 1229 2669 εὐταξίαν
1255 2627 1297 2661 ad
1325 2624 1573 2671 σωφροσύνην
1597 2637 1674 2670 per-

296 2682 408 2716 tinere
434 2685 534 2718 testis
561 2690 611 2720 est
638 2686 805 2731 Didymus
832 2687 932 2720 Mull.
958 2687 994 2719 II
1019 2697 1052 2729 p.
1079 2685 1148 2727 99.)
