1888 3170
684 210 978 246 —101—

151 319 395 359 eruditionis
419 332 653 370 eorumque,
676 321 745 370 qui
770 320 897 359 salsae.
921 320 1142 359 erudititmi
1165 319 1318 367 favent,
1342 318 1520 370 descrip-

151 393 263 433 tione
277 394 309 443 l)
341 394 451 434 inter
474 394 645 433 Dionem
670 398 710 432 et
734 394 926 433 Cebetem
959 398 1033 443 est,
1057 393 1367 435 consensionem
1392 390 1521 432 Cebes

150 466 292 518 utique
323 467 512 517 Dionem,
545 478 628 507 non
650 465 728 506 Dio
761 466 954 506 Cebetem
986 466 1173 506 imitatus
1201 475 1290 505 esse
1311 463 1520 516 putandus

150 541 219 591 sit,
241 552 323 581 nen
346 541 476 582 video.
527 540 782 591 Quamquam
801 551 907 580 unus
925 539 1069 580 Dionis
1094 540 1203 579 locus
1220 538 1322 580 milii
1340 538 1519 587 obvenit,

148 627 196 655 ex
230 627 310 667 quo
333 615 516 656 Tabulae
547 617 757 655 auctorem
778 613 913 654 Dione
943 613 1216 654 recentiorem
1239 612 1366 653 fuisse
1388 612 1520 663 primo

148 689 295 730 obtutu
319 690 502 741 colligas.
548 688 626 728 Dio
649 687 758 728 enim
781 699 838 728 or.
864 691 886 728 9
920 700 958 738 p.
989 691 1066 728 154
1100 693 1244 727 narrat
1277 686 1517 737 Diogenem,

149 775 240 804 cum
273 763 381 804 ludis
414 763 645 804 Isthmiacis
678 764 767 813 ipse
798 773 949 802 corona
981 772 1024 801 se
1057 764 1246 801 ornasset
1273 761 1324 800 ob
1346 771 1519 811 eamque

146 849 230 877 rem
246 837 523 888 reprehensus
536 839 661 886 esset,
680 835 832 876 dixisse
845 847 1018 886 magnos
1030 848 1055 875 a
1066 847 1110 875 se
1128 835 1257 875 victos
1273 846 1363 875 esse
1374 833 1518 874 adver-

148 911 292 962 sarios,
326 924 416 952 cum
450 913 685 962 superasset
716 913 1019 961 paupertatem,
1053 908 1255 959 exsilium,
1289 906 1518 955 infamiam,

146 986 264 1035 iram,
289 986 515 1029 tristitiam,
540 985 822 1036 cupiditatem,
841 988 1010 1033 metum,
1033 987 1119 1023 tum
1140 981 1313 1022 bestiam
1335 979 1516 1022 omnium

145 1060 323 1101 maxime
354 1060 564 1110 invictam,
598 1060 854 1110 voluptatem
867 1056 913 1108 2).
977 1055 1081 1096 Cum
1113 1055 1189 1096 hoc
1220 1055 1308 1096 loco
1341 1055 1374 1096 si
1407 1065 1517 1095 com-

143 1134 356 1185 paraveris
389 1133 489 1174 Tab.
524 1137 576 1175 22
601 1146 675 1186 sq.,
709 1145 798 1173 cum
832 1142 1035 1171 summam
1067 1128 1349 1181 deprehendes
1371 1127 1516 1168 simili—

143 1207 349 1258 tudinem,
394 1212 482 1249 tuin
517 1208 660 1249 Dionis
704 1207 985 1247 narrationem
1028 1203 1171 1246 Cebeti
1211 1205 1352 1243 notam
1390 1201 1518 1242 fuisse

143 1282 238 1323 inde
271 1283 565 1334 suspicaberis,
597 1281 706 1334 quod
738 1281 839 1321 vitia
873 1280 944 1320 illa
967 1284 1092 1330 atque
1114 1277 1239 1318 animi
1261 1275 1515 1325 affectiones,

142 1369 250 1410 quae
270 1357 464 1398 mulieres
486 1357 528 1397 in
542 1355 703 1397 Tabula
725 1356 827 1396 alias
849 1354 1002 1406 ubique
1023 1351 1248 1403 finguntur,
1272 1350 1340 1391 hic
1359 1349 1517 1391 bestiae

142 1430 334 1471 dicuntur
366 1429 433 1479 (cf.
459 1429 559 1471 Tab.
597 1432 789 1480 18,1,2).
839 1427 951 1477 Quae
984 1426 1154 1468 offensio
1186 1428 1350 1467 tantum
1382 1423 1515 1474 abest,

141 1510 186 1544 ut
224 1516 271 1544 eo
308 1504 417 1553 loco,
461 1504 532 1556 qui
570 1507 631 1544 est
665 1506 757 1553 26,2
797 1501 1050 1553 (..ἐκείνας
1085 1497 1160 1549 τὰς
1196 1506 1427 1554 γυναῖκας,
1467 1492 1517 1547 ἃς

140 1580 247 1630 ἔφης
276 1580 414 1630 θηρία
447 1574 577 1629 εἶναι)
609 1578 800 1626 tollatur,
839 1581 886 1617 ut
915 1576 980 1617 his
1012 1575 1148 1617 verbis
1180 1574 1283 1615 nihil
1312 1573 1514 1625 probetur

140 1652 221 1694 nisi
252 1654 433 1694 auctoris
466 1652 730 1703 neglegentia
762 1656 803 1691 et
836 1651 1017 1692 stultitia
1048 1650 1182 1690 aliena
1211 1652 1369 1691 temere
1399 1651 1514 1689 tran-

139 1727 377 1777 scribentis‚
433 1737 618 1779 quaeque
674 1727 784 1767 inter
829 1737 873 1767 se
923 1726 1139 1767 concinere
1193 1735 1277 1765 non
1325 1725 1513 1775 possunt,

139 1802 385 1842 concinnare
425 1801 644 1842 studentis.
712 1800 773 1841 Ne
816 1800 874 1839 sic
914 1799 1077 1851 quidem
1121 1799 1192 1839 illa
1232 1795 1514 1850 discrepantia

141 1876 329 1916 excusari
370 1879 527 1927 potest,
561 1878 606 1915 ut
638 1875 749 1915 dicas
793 1874 893 1914 vitia
932 1878 1116 1913 monstra
1146 1871 1246 1924 fingi
1276 1874 1395 1924 parte
1427 1882 1514 1912 cor-

139 1951 249 2000 poris
276 1949 482 1999 mulieres,
515 1952 633 2000 parte
654 1946 868 1997 bestias3).
930 1948 1095 1988 Etenim
1128 1947 1249 1988 liuius
1280 1946 1341 1987 rei
1372 1946 1415 1986 in
1444 1944 1513 1986 de-

137 2023 360 2074 scriptione
379 2025 466 2074 9,1;
494 2026 611 2074 10,2,
629 2026 650 2064 3
670 2023 781 2064 facta
796 2020 955 2063 nullum
973 2027 1109 2062 exstat
1123 2021 1333 2062 indicium.
1365 2019 1512 2072 Itaque

138 2098 318 2139 maxime
340 2098 448 2138 inter
470 2110 513 2139 se
534 2102 725 2149 pugnant
761 2101 826 2149 10,
846 2100 883 2147 2,
903 2101 946 2147 33
981 2100 1042 2146 9‚1
1070 2101 1111 2137 et
1134 2099 1207 2145 223
1242 2098 1306 2140 26,
1327 2097 1350 2135 2
1373 2097 1511 2135 autem

136 2183 210 2223 per
242 2183 284 2212 se
317 2172 451 2224 ipsum
485 2172 711 2213 absurdum
744 2178 817 2213 est.

254 2245 344 2295 Qua
375 2258 419 2287 re
457 2246 576 2287 facile
608 2258 909 2296 commoveare,
948 2251 993 2286 ut
1025 2249 1185 2285 statuas
1216 2243 1362 2285 Dionis
1393 2243 1508 2284 illum

136 2321 267 2361 locum
291 2320 455 2361 Pinacis
486 2322 643 2362 auctori
666 2321 928 2362 obversatum
950 2332 1054 2370 esse,
1087 2330 1274 2372 quaeque
1306 2317 1389 2358 illic
1410 2316 1509 2359 Dio-

257 2456 278 2497 ¹)
306 2455 348 2489 cf.
375 2455 429 2490 die
456 2455 531 2490 Zeit
556 2455 587 2489 (1.
616 2456 736 2498 Πίναξ
763 2453 850 2499 Κέβ.
877 2467 910 2499 p.
940 2456 1039 2498 l4sq.

249 2523 276 2566 ²)
301 2523 430 2559 Similis
463 2525 619 2559 narratio
654 2524 829 2559 invenitur
863 2524 958 2568 apud
992 2523 1139 2558 eundem
1172 2534 1222 2558 or.
1252 2525 1274 2557 8
1308 2534 1342 2567 p.
1381 2524 1444 2556 146
1457 2533 1508 2566 sq.

133 2581 237 2616 Dind.

250 2638 277 2681 3)
303 2638 379 2672 Hoc
406 2638 506 2672 modo
533 2649 574 2672 ea
601 2639 750 2673 describi
775 2638 935 2683 potuisse
960 2649 1037 2672 cuni
1064 2639 1139 2681 ipsa
1156 2648 1194 2671 re
1219 2643 1252 2670 et
1269 2638 1404 2670 ratione
1431 2647 1507 2680 por-

136 2695 297 2738 spicuum
316 2700 378 2737 est,
404 2700 478 2729 tum
498 2695 621 2730 Dionis
639 2695 879 2740 Chrysostomi
897 2694 1018 2729 fabula
1034 2694 1166 2738 Libyca
1192 2695 1253 2737 (or.
1274 2695 1306 2738 ὅ)
1325 2693 1506 2737 probatur.
