1888 3170
813 185 864 223 87

155 293 319 345 diderit,
352 294 491 336 nullus
514 293 678 345 dubito3
712 307 844 347 neque
866 297 976 337 enim
997 297 1125 339 ullum
1149 300 1287 340 exstat
1307 298 1519 350 indicium,

153 379 233 419 quo
264 367 477 419 Sophoclis
508 372 645 410 aetate
675 369 734 410 ita
765 370 815 410 de
845 371 1033 413 Fortuna
1062 372 1286 414 iudicatum
1318 384 1408 414 esse
1438 373 1522 414 col-

153 442 322 494 ligatur.
376 442 565 494 Accedit,
598 443 706 494 quod
737 444 825 495 ipse
856 444 1057 487 Pacuvius
1088 446 1286 499 pingendi
1316 447 1397 488 arti
1429 451 1519 488 erat

152 515 314 556 deditus
360 528 489 568 eoque
525 516 687 558 facilius
726 521 890 568 poterat
929 522 1177 561 commoveri
1215 524 1280 572 ut,
1322 532 1429 574 quae
1471 520 1515 560 in

153 593 293 631 statua
313 591 378 632 vel
408 591 569 642 pictura
599 590 776 643 quadam
808 593 1176 646 animadverterat,
1208 594 1323 647 operi
1354 606 1428 636 suo
1459 595 1522 635 in-

151 668 319 706 sereret.

265 738 424 780 Plinius
455 739 551 780 hist.
585 742 668 779 nat.
703 739 744 780 II
777 743 799 780 7
833 744 977 782 auctor
1013 745 1077 782 est
1108 741 1338 784 Fortunam
1378 755 1402 783 a
1431 743 1520 796 ple-

150 813 289 865 risque
320 825 517 854 caecam
548 825 638 854 esse
669 814 967 866 existimatam,
1000 828 1166 868 vagam,
1199 817 1520 869 inconstantem,

151 887 372 939 incertam,
415 887 593 938 variam,
634 888 898 939 indignorum
939 889 1169 932 fautricem.
1230 891 1347 932 Idem
1377 891 1518 932 incon-

151 961 334 1002 stantiae
365 962 529 1013 signum
552 967 846 1004 connnemorat
867 963 1068 1016 Apuleius
1100 968 1196 1006 met.
1231 964 1311 1006 VII
1345 968 1386 1006 2:
1420 965 1515 1006 sub-

148 1035 199 1076 iit
229 1047 294 1076 me
325 1048 408 1077 non
440 1036 489 1077 de
530 1036 660 1079 nihilo
691 1037 844 1079 veteris
875 1038 1117 1091 priscaeque
1158 1039 1372 1080 doctrinae
1407 1039 1519 1080 viros

148 1108 314 1150 finxisse
356 1121 403 1151 ac
442 1111 735 1162 pronuntiasse
767 1123 930 1153 caecam
972 1116 1013 1153 et
1054 1124 1223 1165 prorsus
1263 1114 1520 1156 exoculatam

148 1195 239 1225 esse
281 1184 520 1225 Fortunam.
587 1185 746 1226 Eodem
788 1187 1000 1238 pertinent
1039 1187 1247 1228 Ammiani
1287 1187 1519 1229 Marcellini

146 1257 225 1300 loci
248 1261 424 1309 31,8,8:
459 1258 509 1299 de
536 1262 590 1310 te,
622 1259 823 1312 Fortuna,
855 1263 902 1301 ut
935 1261 1172 1302 inclementi
1194 1261 1445 1314 querebatur
1477 1266 1519 1304 et

146 1343 286 1383 caeca3
328 1336 518 1385 25,5‚8:
557 1333 620 1374 his
657 1334 715 1375 ita
753 1346 874 1376 caeco
912 1334 1090 1388 quodam
1131 1334 1282 1377 iudicio
1326 1334 1520 1376 fortunae

145 1407 324 1458 peractis
338 1406 385 1456 1).
436 1408 498 1448 De
518 1408 729 1449 Fortunae
760 1408 922 1449 insania
954 1409 1002 1449 cf.
1027 1407 1119 1449 Dio.
1144 1406 1356 1462 Chrysost.
1380 1421 1438 1451 or.
1464 1412 1516 1451 65

144 1493 183 1532 p.
208 1483 304 1532 218,
341 1484 390 1522 13
419 1481 550 1523 Dind:
582 1478 767 1523 πλάσται
799 1480 870 1523 καὶ
901 1489 1084 1535 γραφεῖς
1116 1478 1256 1537 αὐτὴν
1287 1483 1518 1534 λοιδοροῦ-

146 1565 217 1595 σιν
250 1552 400 1608 οἱμὲν
431 1549 489 1604 ὥς
519 1554 791 1608 μαινομένην
829 1554 899 1597 καὶ
938 1557 1285 1608 διαρρίπτουσαν
1321 1553 1518 1610 γράφον-

144 1644 224 1681 τες,
258 1629 303 1670 οἱ
323 1627 371 1671 δὲ
402 1628 470 1670 ἐπὶ
494 1631 682 1683 σφαίρας
702 1631 943 1682 βεβηκυῖαν
975 1624 1033 1678 ὡς
1065 1625 1145 1671 οὐκ
1177 1625 1383 1684 ἀσφαλῶς
1414 1626 1520 1672 οὐδὲ

145 1698 394 1753 ἀκινδύνως
426 1702 752 1756 ἐρηρεισμένην.

259 1777 339 1819 Sed
370 1777 569 1819 hactenus
601 1778 650 1819 de
681 1778 877 1819 Fortuna.
932 1777 1173 1820 Ceterarum
1204 1790 1341 1820 rerum
1373 1779 1416 1820 in
1438 1780 1515 1821 Ta-

144 1852 242 1894 bula
273 1852 460 1904 personis
492 1851 732 1893 indutarum
771 1851 993 1892 multitudo
1026 1852 1075 1892 de
1112 1863 1160 1892 ea
1195 1852 1394 1903 pingendi
1425 1857 1516 1895 arte

146 1937 212 1967 nie
259 1926 497 1977 admonuit,
548 1937 671 1978 quam
721 1926 763 1965 in
812 1925 922 1967 vasis
962 1925 1207 1967 recentioris
1250 1926 1402 1968 aetatis
1452 1940 1518 1968 ar-

151 1999 282 2042 tifices
305 2002 560 2052 tragicorum
592 1999 913 2053 prosopopoeias
936 1999 1056 2050 (Poll.
1080 2011 1215 2041 onom.
1247 2000 1303 2042 IV
1328 2004 1403 2042 141
1439 2002 1517 2055 sq.)

145 2075 300 2116 imitati
350 2075 541 2116 solebant
584 2085 785 2115 exercere.
861 2073 1082 2114 Koerteius
1126 2074 1170 2114 in
1201 2073 1511 2129 dissertatione,

144 2161 248 2202 quae
318 2149 561 2192 inscribitur
644 2149 807 2200 „Ueber
876 2146 1272 2191 Personificationen
1341 2149 1515 2204 psycho-

259 2285 285 2329 1)
314 2284 417 2319 Globi
443 2285 558 2319 locum
576 2285 670 2329 apud
690 2285 911 2319 Amniianum
929 2284 1175 2319 Marcellinum
1200 2284 1338 2321 obtinet
1363 2287 1517 2324 volucris

141 2348 235 2385 rota3
262 2345 321 2386 31,
349 2345 418 2386 1,1:
455 2342 634 2377 Fortunae
671 2343 823 2378 volucris
857 2347 938 2377 rota
975 2342 1123 2377 adversa
1159 2343 1341 2386 prosperis
1377 2354 1517 2388 semper

141 2400 337 2442 alternans3
372 2401 434 2443 26,
459 2401 497 2443 8,
524 2402 582 2434 13:
618 2411 687 2445 quo
713 2400 825 2443 quivis
852 2400 974 2434 beatus
1000 2409 1101 2434 versa
1126 2404 1205 2434 rota
1230 2400 1409 2436 Fortunae
1435 2406 1517 2437 ante

141 2467 325 2501 vesperum
360 2462 479 2501 potest
513 2467 587 2492 esse
621 2457 846 2492 miserrimus.
905 2457 999 2491 Idem
1034 2457 1171 2501 signum
1204 2458 1299 2502 apud
1324 2459 1517 2494 Ausonium

142 2516 254 2560 epigr.
283 2518 322 2549 12
342 2515 527 2550 Occasioni
545 2515 725 2551 tribuitur.
768 2515 930 2549 Ceterum
956 2515 1060 2549 etiam
1078 2525 1253 2559 prospera
1276 2515 1338 2550 illa
1356 2515 1517 2550 Fortuna

144 2574 272 2606 bonurn
303 2582 498 2607 successum
530 2573 644 2608 ferens
668 2573 760 2617 apud
786 2572 1008 2607 Ammianun]
1034 2572 1282 2607 Marcellinum
1312 2583 1517 2608 commemo-

140 2635 240 2664 ratur
258 2632 311 2674 22,
337 2632 369 2675 9,
397 2634 431 2664 l:
457 2630 552 2665 velut
578 2631 790 2666 mundanam
815 2630 1064 2674 cornucopiam
1081 2629 1242 2666 Fortuna
1266 2635 1408 2675 gestans
1433 2640 1515 2675 pro-

140 2686 229 2731 pitia
254 2692 380 2722 cuncta
405 2687 561 2731 gloriosa
586 2688 765 2724 deferebat
791 2694 828 2723 et
852 2697 1033 2733 prospera.
