1888 3170
680 226 962 263 *57*

140 339 240 380 tiam
281 341 413 390 tenet,
459 337 724 390 opinionibus
765 337 869 378 liber
908 341 983 379 est.
1044 335 1158 378 Haec
1194 338 1333 377 autem
1364 333 1508 376 eadem

140 413 385 454 statuebant
408 412 546 464 Stoici,
580 412 649 465 qui
677 423 767 453 cum
798 425 850 453 ne
872 413 951 464 ipsi
973 412 1137 464 quidem
1168 413 1369 463 negarent
1388 420 1509 451 veras

138 487 355 539 opiniones
381 486 526 538 esse¹),
560 490 698 527 tamen
721 487 949 538 sapientem
972 487 1022 527 de
1045 486 1233 527 omnibus
1254 485 1378 526 rebus
1399 484 1509 525 vole-

139 561 241 602 bant
290 561 413 612 scire‚
462 561 512 601 de
563 561 676 601 nulla
725 560 905 612 opinari,
948 559 1294 612 opinionibusque
1342 557 1509 599 omnino

139 647 293 676 carere.
358 634 419 677 Cf.
453 635 574 686 Diog.
605 634 745 676 Laert.
780 634 859 675 VII
895 637 992 675 162:
1032 635 1199 690 στωικῷ
1234 629 1420 686 δόγματι
1450 632 1510 687 τῷ

142 704 222 750 τὸν
255 704 400 761 σοφὸν
432 703 677 758 ἀδόξαστον
709 705 833 749 εἶναι.
888 707 1003 750 Stob.
1027 708 1099 748 ecl.
1128 708 1210 748 eth.
1241 720 1279 759 p.
1304 710 1357 748 64
1378 705 1510 747 Mein:

141 784 305 832 ψεῦδος
328 778 365 824 δ’
389 777 720 836 ὑπολαμβάνειν
747 778 960 824 οὐδέποτέ
985 793 1092 835 φασι
1124 775 1202 822 τὸν
1235 776 1375 830 σοφὸν
1407 774 1513 821 οὐδὲ

140 853 188 898 τὸ
227 853 434 909 παράπαν
473 851 758 913 einamma-cm
795 855 883 898 τινὶ
920 858 1323 909 συγκατατίθεσθαι
1359 849 1432 895 διὰ
1463 849 1512 894 τὸ

140 930 250 985 μηδὲ
289 927 487 981 δοξάζειν
524 925 663 971 αὐτὸν
701 925 800 984 μηδ’
841 926 1024 984 ἀγνοεῖν
1062 928 1200 983 μηδέν
1223 960 1364 970 .....
1404 925 1515 981 μηδὲ

142 1002 338 1056 δοξάζειν
376 1000 456 1045 τὸν
488 1001 646 1058 σοφόν.
708 1005 815 1046 Plut.
850 1004 975 1046 Stoic.
1008 1007 1118 1056 poet.
1152 1003 1397 1045 absurdiora
1435 1002 1511 1043 die.

142 1085 222 1132 4,1.
284 1079 448 1121 Dixerit
480 1079 682 1131 quispiam
715 1078 766 1119 ad
798 1079 907 1119 idem
939 1078 990 1120 de
1022 1078 1284 1130 opinionibus
1317 1077 1513 1118 iudicium

143 1168 190 1196 ea
210 1154 447 1208 perducere,
472 1165 576 1205 quae
597 1154 718 1194 Plato
741 1153 790 1194 de
812 1154 1090 1205 discrepantia
1113 1149 1244 1206 δόξης
1273 1156 1315 1194 et
1346 1148 1515 1204 ἐπιστή-

143 1245 225 1282 μης
247 1225 534 1280 disputavit2).
589 1227 778 1269 Concedo
802 1228 1032 1279 Platonem,
1053 1228 1087 1268 si
1108 1227 1332 1278 imaginem
1352 1237 1517 1278 expres-

143 1303 266 1344 sisset
297 1302 498 1354 sapientis
531 1302 721 1343 omnibus
748 1303 931 1343 numeris
962 1302 1155 1353 absoluti,
1187 1302 1322 1353 ipsum
1354 1312 1516 1353 quoque

144 1372 392 1427 ἀδόξαστον
426 1389 519 1418 eum
552 1376 809 1429 depicturum
832 1376 972 1418 fuisse.
1034 1375 1114 1417 Sed
1146 1375 1379 1417 Stoicorum
1412 1377 1516 1426 erat,

146 1465 230 1494 non
267 1453 470 1502 Platonis,
518 1452 718 1503 sapientis
757 1452 965 1503 exemplar
1001 1463 1231 1503 proponere
1267 1449 1439 1502 perfecti
1477 1452 1520 1490 et

145 1527 336 1568 omnibus
367 1527 409 1567 in
440 1527 565 1567 rebus
597 1539 649 1568 ne
671 1527 734 1568 dis
764 1526 928 1578 quidem
960 1526 1184 1567 inferioris.
1234 1526 1380 1576 Itaque
1411 1523 1519 1576 quod

145 1602 205 1642 illi
248 1602 289 1641 in
329 1602 515 1652 sapiente
557 1601 843 1652 requirebant,
881 1604 927 1641 ut
963 1595 1203 1649 ἀδόξαστος
1245 1602 1373 1648 esset,
1413 1598 1455 1639 id
1495 1610 1519 1638 a

145 1674 318 1717 Platone
349 1676 531 1716 alienum
562 1679 627 1717 est
641 1673 689 1728 3).

261 1751 426 1798 Restat,
468 1754 514 1792 ut
545 1751 595 1791 de
626 1751 752 1791 tertio
784 1751 855 1792 illo
887 1751 1033 1791 salutis
1064 1749 1362 1802 impedimento
1392 1760 1522 1801 pauca

149 1824 296 1876 dicam,
328 1837 408 1877 quo
440 1825 482 1876 ii,
515 1826 585 1877 qui
617 1825 769 1866 litteris
800 1825 949 1866 imbuti
980 1827 1089 1876 sunt,
1122 1835 1173 1864 ne
1194 1823 1245 1864 ad
1266 1836 1407 1865 veram
1431 1835 1522 1863 eru-

155 1899 354 1941 ditionem
393 1899 592 1940 accedant
622 1900 900 1941 deterrentur.
963 1898 1066 1940 Cum
1107 1898 1215 1939 enim
1254 1909 1301 1938 ea
1338 1909 1382 1939 se
1418 1897 1523 1938 seire

151 1975 386 2027 opinentur,
419 1987 525 2027 quae
556 1988 600 2016 re
622 1987 720 2016 vera
750 1976 953 2025 nesciunt,
986 1973 1033 2015 fit
1063 1978 1110 2015 ut
1141 1974 1289 2015 ceteris
1322 1973 1406 2014 sint
1427 1983 1522 2024 per-

147 2049 372 2090 tinaciores
404 2053 447 2091 et
466 2053 691 2101 graventur
719 2061 817 2090 vera
839 2049 1056 2100 disciplina
1090 2049 1219 2089 imbui
1252 2046 1409 2100 (35,3).
1461 2045 1523 2085 De

151 2123 228 2165 hac
258 2136 302 2164 re
333 2124 471 2165 brevis
503 2136 594 2166 esse
624 2136 806 2176 possum.
868 2123 1028 2165 Sufficit
1059 2124 1168 2164 enim
1200 2122 1324 2164 verbo
1356 2131 1525 2161 monere

150 2197 375 2250 Socratem,
398 2198 616 2240 Platonem
644 2202 687 2240 et
706 2197 1022 2249 Xenophontem
1054 2198 1090 2238 si
1121 2197 1346 2248 sequimur,
1378 2194 1420 2235 id
1451 2205 1523 2245 po-

266 2382 294 2426 1)
321 2382 372 2417 Cf.
398 2382 518 2418 Senec.
543 2393 598 2427 ep.
624 2385 679 2427 94,
697 2384 751 2417 33.

270 2462 295 2506 2)
324 2463 374 2497 Cf.
401 2473 492 2506 quae
518 2475 552 2507 p.
578 2465 622 2498 65
648 2463 690 2497 de
715 2462 912 2497 casauboni
939 2462 1114 2496 sententia
1139 2459 1332 2494 attulimus.

271 2543 297 2585 3)
325 2543 540 2578 Vocabulum
567 2538 774 2585 ἀδόξαστος
792 2542 876 2575 illud
897 2541 1033 2585 quidem
1052 2541 1142 2584 apud
1162 2539 1345 2573 Platonem
1373 2535 1528 2578 (l'haedo

152 2601 240 2642 8412)
266 2600 460 2643 invenitur,
495 2601 554 2636 sed
589 2602 691 2643 longe
727 2601 864 2634 diversa
893 2597 1164 2641 significatione:
1203 2590 1412 2637 ἀδόξαστον
1437 2593 1528 2627 enim

153 2657 231 2691 illic
258 2657 290 2691 id
316 2662 379 2701 est,
405 2657 447 2692 de
472 2669 541 2701 quo
560 2658 695 2702 opinari
713 2668 782 2691 non
808 2657 902 2699 licet,
927 2656 1000 2690 sive
1025 2654 1071 2697 id,
1098 2653 1189 2697 quod
1206 2662 1312 2695 supra
1329 2650 1527 2694 opinionem

153 2715 306 2758 positum
331 2720 397 2749 est.

1194 2768 1241 2809 5*
