1888 3170
322 319 473 358 remur,
507 306 617 358 quod
652 305 906 358 „plerisque“
932 306 1179 359 hominibus,
1201 319 1283 349 non
1306 307 1526 350 omnibus
1559 307 1687 350 Cebes

323 382 424 422 dicit
456 381 642 431 divitias,
674 383 982 432 paupertatem,
1021 386 1158 423 cetera
1196 381 1237 422 id
1268 393 1398 433 genus
1430 382 1482 423 ab
1513 382 1584 423 illo
1614 395 1688 423 nu-

320 457 429 496 mine
460 455 711 506 contingere.
774 453 892 503 Quod
933 455 967 496 si
1000 454 1232 497 Schaberus
1277 468 1316 507 p.
1350 458 1403 497 43
1445 455 1508 497 his
1548 457 1688 498 studet

319 529 545 581 explicare:
577 559 586 567 .
621 561 629 569 .
662 527 790 569 daher
812 532 906 580 sagt
927 529 1032 570 auch
1052 529 1205 581 KebeS,
1229 529 1325 570 dass
1353 529 1445 570 den
1476 529 1688 572 meisten

319 602 543 644 Menschen
583 602 648 644 die
690 602 812 643 einen
843 602 986 644 Gaben
1025 616 1104 645 von
1140 604 1233 645 dem
1275 603 1503 655 gottlichen
1535 603 1687 646 Wesen

319 677 392 718 als
424 676 581 719 Uebel
603 707 611 716 .
637 708 646 718 .
670 706 700 728 .,
733 676 800 718 die
830 677 1014 719 anderen
1043 679 1119 720 als
1151 678 1306 720 Giiter
1330 711 1337 718 .
1362 711 1370 719 .
1394 710 1403 718 .
1427 677 1688 719 zukommen.

321 751 410 792 Von
442 751 584 792 diesen
614 750 790 791 meisten
816 750 1040 793 Menschen
1071 753 1163 794 sind
1194 753 1281 795 also
1313 751 1419 793 nach
1440 750 1578 793 Kebes
1610 764 1688 793 nur

319 824 385 866 die
403 823 570 866 Stoiker
591 836 928 876 ausgenommen,
951 825 1003 866 da
1024 826 1150 868 ihnen
1172 858 1180 866 .
1202 859 1210 867 .
1230 859 1238 867 .
1263 838 1342 867 nur
1359 825 1598 877 Adiaphora
1621 856 1630 865 .
1650 856 1658 865 .
1679 857 1687 866 .

318 911 369 939 zu
387 898 506 940 Theil
523 898 698 950 werden,
717 898 853 940 indem
868 899 914 951 J'a
935 900 1024 950 „die
1039 900 1209 952 Tugend
1226 901 1302 942 das
1319 900 1477 951 einzige
1495 899 1579 941 Gut
1594 899 1689 952 ist“,

319 973 409 1025 ipsa
430 973 533 1015 haec
557 972 687 1014 verba
713 974 799 1024 „als
821 972 996 1024 Uebel“‚
1023 975 1110 1025 „als
1132 974 1304 1025 Giiter“,
1327 973 1476 1026 quibus
1505 974 1575 1015 ille
1597 986 1689 1016 sen-

318 1047 477 1088 tentiae
495 1047 715 1088 subvenire
735 1047 887 1098 studet,
910 1048 951 1088 in
974 1049 1319 1101 interpretatione
1334 1048 1513 1089 Arabica
1532 1047 1690 1089 deside-

319 1125 481 1162 rantur.
534 1120 637 1161 Mihi
662 1121 827 1173 quidem
850 1121 951 1163 illud
981 1135 1030 1173 „a
1056 1135 1138 1164 non
1162 1123 1296 1165 malo“
1324 1123 1431 1163 idem
1455 1119 1691 1174 significare

317 1194 480 1236 videtur
539 1200 664 1248 atque
723 1207 850 1248 supra
905 1196 1007 1237 illud
1073 1210 1121 1248 „a
1173 1198 1291 1249 (non)
1353 1197 1495 1248 pravis
1562 1196 1692 1238 actio-

318 1269 482 1310 nibus“.
538 1269 745 1321 Deceptus
777 1273 842 1310 est
869 1269 1101 1312 Schaberus
1133 1283 1182 1313 ea
1213 1284 1271 1323 re,
1304 1271 1413 1324 quod
1444 1269 1691 1322 principium

321 1344 505 1386 divinum
524 1347 591 1394 43,
620 1348 637 1385 1
660 1344 780 1385 deum
803 1344 1059 1386 existimavit
1075 1345 1400 1397 intellegendum
1423 1356 1526 1386 esse.
1573 1342 1691 1393 Quod

318 1418 562 1460 vocabulum
595 1419 629 1459 si
662 1423 824 1461 vertere
855 1419 1017 1462 liceret:
1055 1420 1131 1473 „ab
1164 1420 1253 1471 illo,
1285 1419 1393 1471 quod
1427 1417 1691 1467 statuimus“,

318 1493 381 1533 vel
417 1505 465 1543 „a
492 1493 704 1545 proposito
736 1493 806 1534 illo
839 1498 982 1535 nostro
1013 1492 1194 1545 ‹livino“,
1228 1493 1367 1536 omnia
1398 1492 1553 1544 optime
1583 1491 1692 1532 inter

319 1578 361 1607 se
383 1567 666 1609 convenirent.
718 1567 838 1609 Hanc
859 1567 1205 1620 significationem
1223 1567 1412 1609 Arabicis
1435 1565 1571 1607 verbis
1595 1564 1689 1606 sub-

317 1654 409 1683 esse
439 1654 522 1683 non
551 1653 674 1694 posse
695 1654 761 1684 me
783 1642 922 1684 docuit
953 1643 1014 1684 vir
1043 1643 1304 1686 doctissimus
1327 1641 1548 1683 Kesslerus
1580 1639 1691 1681 Mar-

316 1716 554 1769 burgensis.
625 1716 705 1758 Sed
742 1716 886 1758 dubito
918 1730 970 1758 an
1002 1717 1208 1769 interpres
1240 1716 1441 1758 Arabicus
1473 1726 1542 1765 ea,
1587 1725 1692 1765 quae

317 1790 357 1831 in
391 1790 549 1832 Graeco
585 1794 701 1832 textu
733 1791 964 1842 exstabant,
997 1791 1105 1833 male
1137 1790 1402 1834 intellexerit.
1460 1788 1550 1829 Illic
1581 1787 1692 1828 enim

317 1865 503 1915 suspicor
536 1865 736 1917 scriptum
778 1863 922 1906 fuisse:
966 1859 1050 1906 ἀπὸ
1088 1862 1248 1918 ταύτης
1283 1866 1358 1918 τῆς
1388 1859 1540 1917 ἀρχῆς,
1579 1861 1690 1914 quod

318 1939 564 1980 vocabulum
587 1939 730 1981 eadem
752 1938 1055 1991 significatione
1086 1939 1297 1981 invenitur
1319 1937 1551 1980 adhibitum
1582 1934 1691 1987 apud

318 2013 492 2054 Dionem
516 2012 660 2066 Chrys.
684 2025 742 2055 or.
766 2017 831 2064 20,
853 2025 892 2065 p.
918 2017 997 2056 297
1020 2013 1163 2055 Dind.:
1196 2017 1362 2066 εἴρηται
1386 2009 1436 2052 δέ
1454 2025 1528 2062 μοι
1550 2005 1691 2050 πάντα

317 2081 385 2127 ἀπ’
421 2085 586 2140 ἐκείνης
616 2089 691 2140 τῆς
727 2082 860 2141 ἀρχῆς
897 2085 970 2128 καὶ
1007 2086 1246 2140 ἐκτροπῆς.
1272 2119 1280 2128 .
1307 2100 1335 2137 .;
1379 2097 1437 2127 01⁸.
1477 2087 1499 2124 7
1534 2096 1574 2136 p.
1610 2086 1688 2124 137

320 2159 459 2202 Dind.:
497 2156 582 2202 ἀπὸ
615 2157 699 2214 γὰρ
731 2156 865 2215 αὐτῆς
896 2156 1029 2215 ἀρχῆς
1060 2157 1231 2214 ταύτης.

432 2234 548 2276 Mere
591 2235 844 2278 Socraticam
890 2236 1076 2278 Tabulae
1128 2234 1432 2288 philosophiam
1485 2243 1575 2273 esse
1621 2232 1691 2285 qui

319 2309 559 2360 nuperrime
590 2311 815 2362 contendit,
847 2309 1140 2362 Jerra1nius1)‚
1173 2309 1275 2351 nihil
1306 2309 1510 2361 probavit.
1576 2309 1692 2359 Quae

317 2383 429 2424 enim
469 2396 491 2424 e
523 2383 685 2426 Tabula
717 2385 925 2437 congessit
956 2384 1138 2427 Socratis
1177 2384 1364 2435 decreta,
1404 2396 1452 2425 ea
1490 2383 1628 2425 omnia
1666 2394 1691 2422 a

321 2520 384 2553 115
410 2530 442 2554 n.
470 2520 503 2563 1)
528 2524 647 2554 monet
678 2529 722 2554 ne
756 2530 797 2555 ea
827 2520 895 2564 ipsi
925 2519 1140 2563 philosopho
1173 2517 1388 2561 tribuamus,
1421 2527 1512 2562 quae
1543 2527 1585 2552 ex
1616 2516 1691 2551 eius

319 2576 469 2612 decretis
494 2581 708 2621 sequuntur,
741 2587 832 2621 quae
865 2587 948 2612 vero
982 2575 1081 2620 sequi
1112 2575 1185 2619 ipse
1216 2579 1279 2610 aut
1312 2585 1382 2609 non
1418 2573 1505 2608 vidit
1538 2578 1599 2608 aut
1622 2583 1691 2608 non

319 2634 567 2677 pronuntiavit.

435 2690 467 2734 ¹)
494 2690 609 2725 Praef.
634 2702 669 2734 p.
694 2691 859 2726 XXXIV.
