1888 3170
859 154 1140 192 „58—

318 265 434 315 Quae
456 277 547 305 cum
569 265 628 305 ita
649 264 745 314 sint,
771 268 882 305 recte
904 263 1143 316 Lehrsius1)
1165 265 1268 306 mihi
1288 265 1451 306 videtui·
1471 265 1682 315 statuisse,

316 340 366 380 de
398 344 595 390 tempore,
627 350 709 390 quo
740 350 839 379 usus
861 338 930 378 ille
952 338 1216 389 increbuerit,
1249 339 1351 379 nihil
1372 351 1445 390 pro
1469 340 1683 392 explorato

318 424 405 454 esse
435 413 686 454 habendum.

432 487 679 528 Dialecticos
725 487 956 528 Drosihnus
1004 489 1093 529 vult
1141 488 1480 540 philosophorum
1530 493 1683 529 sectam

315 560 501 611 intellegi
521 561 678 611 pariter
699 565 823 612 atque
846 560 1078 602 Hedonicos
1110 566 1151 603 et
1171 560 1518 613 Peripateticos2).
1569 562 1684 603 Idem

315 634 473 675 nescire
506 646 549 675 se
582 634 681 675 dicit
711 647 762 674 an
794 634 836 675 id
857 635 901 675 in
931 635 1009 676 hac
1040 635 1328 688 disquisitione
1351 648 1433 675 non
1464 636 1684 688 neglegen-

316 708 411 749 dum
442 710 510 759 sit,
552 709 662 760 quod
707 708 927 750 manifesto
970 713 1113 752 auctor
1149 710 1313 752 Platoni
1354 710 1503 751 faveat.
1567 709 1685 751 Solos

316 783 423 824 enim
455 784 687 824 Platonicos
719 796 766 824 ex
791 784 1059 826 nobilissimis
1090 785 1428 837 philosophorum
1462 784 1612 825 scholis
1642 784 1686 824 ln

314 857 443 898 falsae
474 857 730 898 Eruditionis
761 859 1018 900 amatoribus
1040 871 1121 899 non
1145 860 1365 900 numerari.
1409 858 1565 908 Quibus
1587 858 1687 898 haee

315 932 504 973 existimo
536 932 823 983 respondenda
855 944 956 974 esse.
1019 933 1203 974 Primum
1236 946 1339 985 quae
1380 933 1428 974 de
1460 932 1685 974 dialecticis

316 1006 546 1063 Drosihnus
578 1007 765 1058 exponit,
805 1007 992 1059 pluribus
1030 1008 1203 1049 refutari
1236 1020 1336 1059 opus
1368 1020 1449 1049 non
1483 1013 1563 1059 est,
1606 1008 1685 1048 nisi

314 1080 420 1121 forte
452 1080 677 1131 existimas,
710 1093 759 1122 ex
793 1086 950 1133 septem
981 1082 1064 1123 illis
1095 1082 1347 1135 disciplinis,
1380 1083 1528 1133 quibus
1561 1080 1685 1135 ἐγκυ-

315 1157 434 1203 κλιάς
464 1155 662 1204 παιδείας
693 1156 803 1197 orbis
836 1155 1066 1205 conficitur,
1108 1169 1176 1197 sex
1218 1169 1241 1197 a
1273 1156 1423 1197 Cebete
1455 1168 1545 1198 esse
1576 1168 1684 1197 com-

315 1234 577 1281 memoratas,
609 1231 828 1282 septimam
860 1232 1054 1272 omissam
1078 1232 1246 1283 eiusque
1268 1233 1309 1271 in
1339 1233 1473 1273 locum
1503 1231 1684 1283 philoso-

315 1303 487 1356 phorum
526 1304 706 1345 scholam
753 1305 1034 1347 substitutam.
1107 1306 1264 1346 Deinde
1307 1318 1412 1358 quae
1454 1306 1504 1346 de
1547 1305 1688 1346 favore

314 1377 501 1418 Platonis
532 1379 601 1420 ille
634 1379 867 1431 suspicatus
899 1386 975 1430 est,
1009 1392 1055 1420 ea
1086 1381 1218 1421 teneri
1250 1392 1332 1421 non
1362 1383 1538 1432 possunt
1570 1390 1688 1420 voca-

315 1453 422 1494 bulis
454 1465 557 1504 quae
588 1458 686 1495 sunt
710 1449 959 1506 ‘Hdovmoa',
996 1457 1341 1507 Περιπατητικοί
1377 1452 1583 1506 deletis³);
1625 1465 1689 1494 ac-

316 1528 421 1569 cedit
453 1529 560 1581 quod
592 1529 663 1570 illo
696 1530 962 1570 διαλεκτικοί
995 1530 1331 1581 philosophorum
1368 1529 1568 1570 familiam
1605 1541 1688 1569 non

316 1602 526 1656 designari
557 1604 677 1645 modo
709 1604 899 1645 vidimus.

431 1678 591 1728 Restat,
623 1682 669 1718 ut
701 1678 796 1730 quid
820 1691 868 1719 ex
889 1679 960 1729 eis,
993 1690 1099 1731 quae
1130 1679 1170 1719 in
1195 1678 1354 1719 Tabula
1386 1678 1435 1718 de
1454 1678 1687 1718 litterarum

317 1752 453 1792 studio
486 1752 647 1803 prolata
679 1757 787 1803 sunt,
820 1753 869 1793 de
892 1753 1072 1794 auctoris
1096 1758 1137 1793 et
1168 1757 1278 1793 secta
1301 1755 1342 1793 et
1371 1756 1506 1793 aetate
1537 1749 1687 1792 efficia-

316 1831 396 1872 tur,
430 1827 700 1877 exploremus.
763 1829 897 1879 Atque
940 1829 1010 1879 qui
1054 1827 1253 1868 Tabulam
1288 1826 1450 1868 Cebetis
1489 1826 1687 1868 Socratici

316 1912 405 1941 esse
435 1901 680 1952 censebant,
715 1901 789 1942 hoc
821 1902 954 1953 capite
989 1905 1038 1943 13
1077 1902 1325 1942 sententiam
1362 1912 1479 1941 suam
1511 1900 1687 1941 arbitra-

318 1974 468 2016 bantur
511 1987 632 2027 quani
676 1976 853 2017 maxime
899 1975 1074 2016 defendi.
1140 1977 1361 2016 Auctorem
1406 1975 1514 2015 enim
1557 1986 1690 2026 neque

316 2049 591 2101 Platonicum,
637 2063 769 2104 neque
810 2050 994 2092 Stoicum
1036 2049 1162 2091 fuisse
1192 2049 1287 2090 inde
1328 2061 1547 2101 apparere,
1579 2049 1689 2100 quod

316 2123 573 2165 dialecticam
607 2125 726 2166 nihili
758 2125 930 2176 faceret,
971 2138 1063 2166 cum
1095 2125 1212 2165 Plato
1257 2124 1487 2176 sapientem
1528 2128 1569 2165 et
1600 2124 1688 2164 dia-

316 2198 504 2239 lecticum
535 2200 710 2240 eundem
740 2201 1021 2241 existimasset
1052 2199 1261 2251 Stoicique
1293 2199 1524 2251 sapientem
1557 2198 1687 2239 solum

316 2271 574 2314 dialecticum
618 2286 706 2316 esse
748 2274 1056 2316 contendissent
1109 2274 1246 2325 (Diog.
1292 2273 1429 2314 Laert.
1473 2273 1551 2314 VH
1593 2271 1687 2325 83);

315 2345 456 2387 eodem
503 2348 731 2399 pertinere,
778 2348 886 2402 quod
934 2349 1051 2389 Plato
1094 2348 1292 2388 musicam
1336 2351 1376 2389 et
1420 2348 1689 2399 geometriam

438 2483 460 2525 ¹)
487 2483 529 2517 de
564 2483 683 2518 vocab.
723 2479 942 2527 φιλόλογος,
979 2480 1248 2528 γραμματικός,
1293 2479 1454 2525 notantis
1487 2483 1521 2517 in
1558 2483 1690 2518 Herod.

316 2540 435 2583 script.
462 2541 516 2574 111
541 2541 712 2575 emendat.
739 2552 773 2585 p.
800 2543 878 2576 401.

432 2596 459 2639 2)
488 2598 696 2641 Drosihnus,
723 2599 776 2634 die
794 2599 882 2634 Zeit.
902 2599 934 2634 (1.
953 2599 1075 2641 Πίναξ
1093 2610 1126 2643 p.
1147 2600 1199 2632 13.
1238 2598 1290 2632 Cf.
1309 2598 1411 2641 Diog.
1431 2598 1547 2633 Laert.
1562 2598 1595 2632 II
1613 2600 1688 2633 106.

431 2655 456 2697 ³)
483 2666 518 2699 p.
543 2657 599 2692 22.
