1888 3170
838 192 1032 228 —102
1117 215 1145 219 -

313 311 438 351 genes
471 300 656 351 disputat
687 301 736 340 de
769 304 994 343 teiiainine
1025 316 1113 344 cum
1145 305 1372 356 voluptatis
1404 306 1538 348 bestia
1574 308 1678 348 inito

315 373 510 414 Cebetem
531 374 800 425 assumpsisse
823 386 955 425 neque
976 378 1182 428 cogitasse
1204 378 1253 418 de
1284 379 1502 421 mulierum
1532 381 1680 432 specie,

313 460 434 499 quam
466 448 555 499 ipse
585 449 678 490 aliis
709 449 809 490 locis
839 449 988 491 iisdem
1019 451 1130 492 vitiis
1162 452 1369 504 induerat,
1402 454 1547 495 deinde
1578 455 1682 496 hanc

314 523 634 574 discrepantiam
664 524 725 564 ita
755 525 901 566 tollere
932 529 1123 567 conatum
1156 538 1259 578 esse,
1291 532 1337 568 ut
1369 528 1531 569 easdem
1563 528 1681 569 femi-

314 609 390 638 nas
429 597 586 638 best-ias
637 598 875 649 appellaret.
947 599 1025 641 Sed
1065 612 1116 640 ne
1159 601 1216 641 sic
1247 602 1480 642 existimem
1530 603 1682 653 obstat,

315 672 422 723 quod
461 671 563 712 mihi
600 683 683 712 non
723 673 949 723 persuadeo
990 674 1101 713 illam
1134 674 1183 715 de
1214 675 1401 726 Diogene
1438 676 1622 717 fabulam
1661 688 1685 716 a

315 747 450 787 Dione
470 747 680 786 inventam
705 758 792 787 esse
813 759 947 799 neque
969 748 1135 788 aliunde
1158 748 1351 790 Cebetem
1383 751 1471 792 eius
1493 750 1683 792 notitiam

315 821 499 873 potuisse
531 821 730 872 accipere.
783 821 951 862 Etenim
985 822 1093 873 quod
1125 823 1195 863 illa
1225 825 1306 864 nisi
1339 836 1386 864 ex
1409 824 1542 865 Dione
1564 824 1685 866 hodie
1732 832 1734 834 '

317 894 455 937 afferri
487 896 688 946 nequit1)‚
721 896 815 936 huic
847 897 920 948 rei,
953 898 988 937 si
1020 898 1268 948 cogitaveris
1291 899 1339 939 de
1371 900 1570 940 sescentis
1603 899 1685 939 illis

317 970 495 1010 vitarum
534 970 822 1022 scriptoribus,
865 982 1038 1023 quorum
1071 973 1137 1012 vix
1168 974 1335 1013 nomina
1367 985 1495 1024 usque
1527 974 1579 1014 ad
1615 985 1688 1014 no-

316 1047 443 1084 stram
493 1047 674 1084 aetatem
721 1049 982 1095 manserunt,
1037 1057 1159 1097 opera
1211 1047 1529 1098 interciderunt,
1584 1046 1688 1087 nihil

317 1117 512 1158 tribueris
544 1118 798 1170 niomenti2).

432 1192 547 1233 Idem
583 1193 633 1234 de
671 1205 716 1233 ea
757 1194 1027 1235 consensione
1059 1195 1194 1234 valere
1233 1195 1333 1235 mihi
1365 1195 1549 1246 videtur,
1587 1207 1690 1247 quae

319 1271 383 1307 est
414 1268 523 1307 inter
556 1266 654 1308 Ceb.
687 1267 770 1308 tab.
803 1271 901 1318 3,2:
934 1262 958 1320 ἡ
991 1263 1074 1320 γὰρ
1104 1263 1354 1321 Ἀφροσύνη
1393 1276 1484 1317 τοῖς
1513 1264 1689 1322 ἀνθρώ-

318 1355 415 1390 ποις
446 1340 591 1394 Σφίγξ
624 1340 742 1382 ἐστιν
773 1346 813 1383 et
843 1342 990 1383 Dionis
1024 1355 1081 1384 or.
1119 1346 1170 1384 10
1208 1355 1247 1394 p.
1284 1347 1452 1395 166,13
1486 1356 1565 1396 sq.:
1607 1338 1689 1396 ἐγὼ

321 1413 368 1456 δὲ
404 1411 574 1469 «ἤκουσα
610 1417 689 1456 τοῦ
721 1415 927 1469 λέγοντος
967 1413 1033 1457 ὅτι
1076 1411 1098 1470 ἡ
1138 1415 1283 1469 Σφὶγξ
1319 1412 1344 1470 ἡ
1383 1412 1552 1469 ἀμαθία
1589 1416 1690 1458 ἐστί.

320 1489 486 1538 Quanto
529 1491 638 1530 enim
680 1490 814 1531 studio
848 1490 974 1531 Stoici
1012 1491 1275 1531 incubuerint
1314 1492 1354 1531 in
1394 1491 1555 1532 fabulas
1592 1492 1691 1532 alle-

320 1565 459 1615 gorice
498 1564 760 1617 explicandas
797 1565 1135 1617 mythologiaque
1171 1577 1239 1605 res
1273 1566 1448 1606 morales
1478 1566 1692 1607 illustran-

322 1638 412 1689 das,
456 1651 505 1679 ex
537 1639 605 1688 iis,
648 1651 751 1690 quae
783 1638 949 1691 supra3)
989 1639 1038 1678 de
1075 1639 1151 1679 hac
1188 1651 1233 1679 re
1265 1639 1587 1691 disputa-vimus,
1620 1651 1692 1691 ap-

322 1717 453 1764 paret.
509 1713 736 1764 Propterea
759 1713 899 1754 malim
923 1713 1118 1753 arbitrari
1140 1716 1360 1764 utrumque
1392 1713 1564 1754 eandem
1595 1714 1694 1755 alle-

322 1788 502 1839 goricam
535 1787 926 1839 interpretationem
958 1786 1124 1827 aliunde
1153 1791 1412 1838 assumptam
1443 1787 1693 1837 adhibuisse,

323 1873 444 1913 quam
467 1861 663 1902 Cebetem
685 1861 760 1902 hac
792 1862 833 1901 in
866 1873 909 1901 re
933 1861 1077 1902 Dionis
1110 1866 1181 1901 aut
1206 1861 1381 1901 Dionem
1405 1859 1572 1902 Cebetis
1604 1862 1695 1902 imi-

323 1942 500 1977 tatorem
534 1936 672 1976 fuisse.
738 1935 858 1976 Prius
902 1935 1010 1975 enim
1052 1935 1154 1976 illud
1191 1936 1258 1976 vix
1299 1935 1471 1975 audeam
1511 1940 1695 1976 statuere

324 2010 568 2051 adversante
591 2021 650 2060 ea,
684 2021 805 2062 quam
837 2010 946 2051 inter
968 2010 1112 2051 Dionis
1135 2022 1192 2051 or.
1220 2015 1236 2050 1
1263 2015 1303 2051 et
1337 2010 1537 2051 Tabulam
1568 2011 1696 2051 inter—

326 2084 469 2125 cedere
515 2084 692 2125 vidimus
741 2082 801 2137 (p.
842 2088 894 2126 98
935 2085 1033 2135 sq.),
1074 2085 1256 2134 ratione3
1313 2084 1388 2125 hoc
1437 2088 1577 2125 autem
1629 2085 1697 2125 vix

325 2158 487 2199 credam
518 2159 569 2199 ob
602 2171 662 2210 ea,
696 2171 799 2211 quae
831 2159 996 2210 obliqua
1029 2159 1215 2200 oratione
1252 2171 1290 2210 p.
1328 2162 1501 2209 166,14
1532 2170 1592 2210 sq,
1625 2158 1696 2198 ad-

441 2318 469 2361 1)
496 2317 539 2352 cf.
564 2317 665 2351 Muli.
690 2317 732 2352 fr.
758 2317 794 2350 Π
819 2318 1011 2351 299--330,

444 2387 470 2427 ²)
497 2386 655 2420 Concedo
688 2385 839 2419 Dionem
873 2385 1052 2418 adamasse
1087 2383 1382 2427 comparationem
1408 2384 1616 2427 bestiarum3
1653 2384 1697 2420 cf.

328 2455 378 2479 or.
397 2445 416 2477 5
441 2454 474 2486 p.
496 2444 540 2477 90
553 2454 620 2486 sq.;
647 2453 696 2477 or.
716 2443 760 2476 30
777 2453 810 2486 p.
827 2443 902 2484 334,
930 2443 989 2483 133
1016 2451 1065 2474 or.
1083 2442 1125 2474 32
1150 2451 1182 2483 p.
1204 2442 1280 2483 409,
1304 2442 1341 2482 43
1368 2451 1417 2474 or.
1437 2443 1479 2474 74
1496 2452 1528 2483 p⁴
1547 2442 1624 2482 258,
1644 2443 1697 2475 27.

328 2501 392 2534 Sed
419 2501 462 2534 ob
487 2499 523 2533 id
547 2510 589 2534 ne
615 2500 709 2534 dicas
734 2499 830 2533 illam
850 2498 1087 2533 narrationem
1105 2509 1124 2531 a
1149 2497 1263 2531 Dione
1281 2497 1455 2531 inventam
1482 2507 1566 2540 esse,
1584 2499 1698 2540 ipsum

329 2558 518 2600 Diogenem
537 2557 637 2598 Diog.
654 2556 771 2590 Laert.
797 2557 828 2598 6,
843 2557 883 2588 51
910 2554 1019 2588 tradit
1036 2554 1270 2598 sycophantas
1295 2558 1330 2586 et
1355 2553 1554 2588 adulatores
1572 2553 1700 2587 bestias

329 2614 466 2649 dixisse.

443 2682 472 2726 ³)
499 2682 541 2717 cf.
566 2694 600 2726 p.
626 2683 668 2715 91
694 2692 744 2724 sq.
