1888 3170
289 297 405 347 Quae
454 295 700 346 allegoricae
755 294 1024 346 expositionis
1079 295 1188 336 ratio
1246 295 1298 336 ab
1350 305 1417 346 ea,
1473 295 1523 337 de
1572 307 1655 348 qua

290 371 424 411 adhuc
465 368 786 420 disputavimuS‚
827 368 888 409 ita
920 369 1092 421 recedit,
1139 374 1185 410 ut
1226 369 1311 410 illic
1355 369 1493 421 imago
1539 369 1654 420 prius

289 445 359 495 sit,
411 443 618 484 sententia
669 442 1011 495 substituatur1),
1062 443 1126 484 hic
1170 443 1284 495 prius
1333 443 1389 484 sit
1431 443 1653 494 sententia,

288 530 391 570 quae
437 517 617 568 imagine
659 517 774 568 quasi
811 517 1028 557 vestiatur.
1108 516 1187 557 Sed
1228 528 1279 556 ne
1325 516 1448 557 huius
1489 516 1654 568 quidem

286 592 449 643 generis
480 591 705 642 allegoriae
736 591 922 642 exempla
962 590 1071 643 apud
1102 590 1262 632 Stoicos
1295 591 1457 633 desunt.
1514 591 1653 632 Philo-

287 666 455 717 sophiae
475 665 583 705 enim
606 676 704 705 suae
724 665 991 716 partitionem
1021 665 1081 706 ita
1103 664 1424 717 descripserunt,
1456 668 1503 705 ut
1523 669 1654 706 totam

286 739 588 793 philosophiam
619 744 909 790 compararent
930 751 1021 780 cum
1042 739 1174 790 horto,
1208 739 1321 780 cuius
1353 738 1655 790 saepimentum

287 817 398 854 esset
436 814 586 865 logice,
630 814 797 855 arbores
839 813 1024 866 physice,
1065 813 1223 855 fructus
1266 814 1417 865 ethice,
1458 814 1523 855 vel
1561 814 1654 855 uni-

287 900 444 930 versam
476 888 779 941 philosophiam
812 900 904 929 cum
937 900 1032 940 ovo,
1064 889 1225 940 logicen
1257 900 1350 929 cum
1381 891 1510 938 testa,
1550 888 1653 940 phy-

286 962 397 1004 sicen
429 974 521 1003 cum
553 963 647 1003 alba
678 962 765 1003 eius
797 967 928 1014 parte,
961 963 1122 1004 ethicen
1155 975 1247 1003 cum
1274 962 1395 1014 flava,
1426 963 1491 1003 vel
1522 966 1655 1003 totam

286 1037 586 1089 philosophiam
620 1048 711 1077 cum
743 1048 925 1088 corpore,
958 1037 1074 1077 cuius
1107 1037 1269 1078 ossibus
1303 1040 1344 1078 et
1367 1037 1504 1079 nervis
1525 1037 1654 1088 signi-

284 1109 475 1151 ficaretur
493 1110 638 1161 logice,
670 1122 793 1151 carne
815 1110 961 1159 ethice,
984 1111 1123 1152 anima
1145 1111 1311 1163 physice
1322 1109 1367 1163 2).
1420 1111 1529 1161 Quas
1550 1111 1650 1151 ima-

285 1185 401 1236 gines
431 1184 541 1224 haud
571 1184 711 1235 inepte
738 1183 1087 1236 Wellmanniusss)
1120 1185 1170 1225 ab
1202 1186 1292 1237 ipso
1325 1184 1486 1227 Stoicae
1518 1188 1655 1226 sectae

285 1259 510 1308 conditore,
543 1259 720 1309 Zenone,
753 1262 874 1310 putat
896 1259 1099 1309 originem
1132 1259 1318 1308 traxisse,
1352 1260 1502 1311 quippe
1533 1271 1654 1310 quem

285 1333 510 1385 imaginum
543 1337 752 1374 amantem
798 1355 844 1360 —
889 1337 935 1373 ut
966 1332 1052 1373 fere
1084 1334 1219 1374 solent
1250 1334 1399 1375 Asiani
1435 1356 1490 1362 —
1527 1333 1656 1374 fuisse

287 1408 409 1449 liceat
440 1408 652 1459 suspicari.
708 1407 825 1456 Quod
855 1411 950 1448 utut
981 1419 1024 1448 se
1054 1407 1192 1458 hahet,
1225 1411 1335 1449 certe
1355 1407 1481 1450 Stoici
1511 1408 1655 1459 primis

284 1482 367 1523 iam
408 1486 500 1533 post
540 1481 745 1522 conditam
787 1486 945 1522 sectam
985 1481 1242 1533 temporibus
1282 1482 1484 1524 eiusmodi
1522 1488 1655 1524 trans-

285 1556 511 1598 lationibus
551 1555 787 1596 studebant.
855 1556 1048 1596 Declarat
1089 1554 1302 1597 Cleanthis
1342 1556 1414 1597 illa
1452 1557 1589 1606 imago
1629 1569 1654 1598 a

286 1629 483 1671 Cicerone
515 1630 565 1671 de
595 1629 663 1670 fin.
696 1629 735 1671 ΙΙ
768 1633 836 1681 21,
856 1633 908 1672 69
941 1630 1003 1671 his
1035 1630 1171 1671 verbis
1209 1630 1436 1682 descripta:
1472 1631 1655 1673 Jubebat

288 1717 371 1757 eos,
395 1705 464 1756 qui
486 1705 726 1757 audiebant,
759 1717 895 1746 secum
927 1705 1039 1757 ipsos
1061 1705 1245 1756 cogitare
1266 1705 1417 1757 pictam
1449 1705 1491 1746 in
1514 1706 1656 1746 tabula

285 1780 551 1832 Voluptatem
583 1780 858 1832 pulcherrimo
879 1781 1034 1822 vestitu
1065 1785 1106 1821 et
1138 1785 1286 1823 ornatu
1315 1780 1446 1833 regali
1478 1780 1521 1821 in
1553 1780 1654 1821 solio

285 1854 515 1906 sedentem3
547 1859 713 1908 praesto
746 1867 835 1897 esse
862 1855 1051 1897 Virtutes
1083 1859 1129 1898 ut
1157 1856 1384 1907 ancillulas,
1418 1868 1522 1908 quae
1552 1855 1655 1896 nihil

285 1928 396 1968 aliud
413 1933 584 1980 agerent
606 1962 614 1970 .
638 1962 668 1981 .,
691 1930 771 1971 nisi
793 1934 838 1971 ut
851 1930 1066 1982 Voluptati
1087 1931 1386 1972 ministrarent.
1404 1954 1458 1959 -—
1476 1930 1654 1971 Divitias

286 2007 326 2044 et
346 2002 554 2044 Virtutem
576 2004 695 2045 Teles
727 2005 836 2045 inter
867 2016 911 2045 se
942 2005 1100 2046 inducit
1130 2005 1378 2046 altercantes
1406 2005 1516 2057 apud
1537 2004 1652 2047 Stob.

286 2079 352 2127 91,
368 2080 433 2127 33,
466 2078 537 2119 ubi
558 2079 805 2120 auxiliantes
838 2079 1089 2120 subveniunt
1108 2080 1368 2132 Voluptates,
1391 2079 1506 2132 Spes,
1530 2079 1653 2130 Vota,

287 2152 556 2204 Cupiditates,
590 2154 707 2194 Bona
738 2153 956 2205 Valetudo,
990 2154 1260 2206 Parsimonia,
1293 2154 1487 2196 Luxuria.
1540 2154 1654 2195 Idem

284 2227 520 2278 paupertati
558 2240 779 2280 personam
817 2229 953 2271 induit
984 2228 1098 2270 Stob.
1135 2230 1298 2281 5,674).
1362 2229 1424 2270 Ne
1455 2230 1532 2270 hoc
1563 2228 1653 2281 qui-

400 2399 426 2441 1)
454 2400 566 2434 Huius
600 2400 737 2443 generis
771 2400 968 2444 exemplum
1002 2400 1038 2434 in
1063 2399 1199 2435 Tabula
1235 2399 1389 2434 occurrit
1413 2401 1492 2442 3,3:
1530 2393 1552 2442 ἡ
1584 2393 1653 2441 γὰρ

283 2449 486 2499 Ἀφροσύνη
511 2460 591 2496 τοῖς
615 2451 832 2501 ἀνθρώποις
860 2458 982 2501 Σφίγξ
1007 2453 1120 2500 ἐστιν,
1146 2457 1218 2491 vid.
1241 2457 1320 2491 infr.
1345 2468 1378 2501 p.
1408 2458 1482 2490 102.

400 2512 426 2555 ²)
452 2513 505 2547 De
529 2513 583 2548 his
606 2513 827 2557 imaginibus,
853 2514 979 2558 quibus
1005 2514 1073 2549 alia
1097 2513 1243 2557 accedit,
1278 2523 1366 2557 quae
1392 2513 1431 2548 de
1457 2512 1542 2547 urbe
1567 2512 1654 2546 bene

285 2569 417 2603 munita
444 2569 653 2615 deprompta
679 2576 739 2614 est,
766 2571 809 2607 cf.
838 2572 939 2615 Diog.
964 2572 1079 2606 Laert.
1105 2572 1174 2605 VII
1199 2573 1251 2605 40.

402 2626 428 2670 ⁸)
454 2627 685 2662 Fleckeisenii
711 2628 852 2663 annales
879 2630 977 2673 1873,
1002 2640 1034 2673 p.
1062 2630 1138 2663 445.

399 2682 425 2719 ⁴>
452 2683 509 2717 Ex
527 2684 745 2719 Academicis
771 2685 918 2720 Crantor
942 2685 1101 2728 Divitias,
1127 2685 1364 2729 Voluptatem,
1390 2685 1524 2720 Bonam
1551 2684 1652 2719 Vale-
