1888 3170
336 303 414 328 ται.
476 288 684 327 Πλοῦτον
717 283 764 327 δὲ
796 319 804 327 .
828 318 836 326 .
861 318 870 327 .
904 281 1037 327 οὐδὲν
1067 284 1224 328 κωλύει
1258 281 1471 340 ὑπάρχειν
1501 286 1588 328 τινὶ
1619 284 1706 340 ἅμα

334 356 437 413 μετὰ
469 362 622 407 κακίας
652 359 854 412 πολλῆς),
899 359 1033 401 forma
1075 362 1240 412 paulum
1275 361 1496 403 immutata
1526 367 1566 403 et
1598 362 1707 413 apud

335 434 531 475 Senecam
561 441 603 475 et
629 434 739 485 apud
760 434 946 474 Marcum
970 435 1184 476 Aurelium
1216 436 1436 487 reperitur.
1487 436 1565 477 Ille
1596 437 1707 477 enim

335 521 397 561 ep.
421 511 487 558 87,
514 511 562 548 15
596 507 655 548 sic
677 513 1015 558 argumentatur:
1046 507 1163 557 Quod
1186 509 1540 560 contemptissimo
1562 511 1709 563 cuique

335 583 573 633 contingere
613 593 662 622 ac
702 581 945 632 turpissimo
985 587 1140 633 potest,
1183 583 1336 623 bonum
1368 594 1449 623 non
1482 589 1563 624 est:
1611 596 1708 636 opes

336 661 475 698 autem
507 659 548 696 et
581 656 716 696 lenoni
760 660 801 696 et
832 656 1010 697 lanistae
1054 657 1316 707 contingunt:
1362 669 1460 708 ergo
1500 669 1582 698 non
1615 664 1711 698 sunt

338 732 458 772 bona.
519 729 602 771 Ubi
634 729 736 770 illud
779 730 1067 781 „turpissimo“
1104 729 1227 771 facile
1260 742 1460 781 agnosces
1493 731 1599 771 idem
1632 731 1710 772 sibi

336 805 453 855 velle,
485 803 596 855 quod
616 803 726 855 apud
752 802 946 844 Cebetem
980 803 1082 844 illud
1103 800 1191 855 ἅμα
1222 799 1327 856 μετὰ
1359 807 1509 852 κακίας
1539 806 1710 857 πολλῆς.

339 879 503 919 Artiore
549 878 677 919 etiam
728 878 976 929 cognatione
1027 891 1120 919 cum
1169 878 1340 920 Cebetis
1392 879 1713 920 ratiocinatione

338 952 646 1002 coniunguntur
690 963 796 1004 quae
836 952 1004 994 Marcus
1051 953 1243 994 Aurelius
1290 953 1347 993 IV
1397 956 1449 994 39
1493 953 1709 1005 praecipit:

337 1025 517 1079 κρινέτω
558 1022 662 1079 μήτε
705 1023 842 1067 κακόν
884 1043 923 1067 τι
964 1024 1075 1068 εἶναι
1117 1024 1221 1081 μήτε
1264 1023 1461 1080 ἀγαθὸν,
1506 1023 1528 1068 ὃ
1566 1026 1715 1079 ἐπίσης

340 1097 526 1141 δύναται
559 1101 675 1156 κακῷ
710 1095 842 1153 ἆυὸρὶ
874 1099 945 1141 καὶ
977 1096 1132 1157 ἀγαθῷ
1165 1104 1436 1154 συμβαίνειν.

454 1174 512 1215 Ut
539 1175 677 1216 omnia
699 1176 780 1216 iam
803 1176 1162 1227 comprehendam,
1187 1188 1236 1216 ex
1257 1177 1321 1217 his
1343 1176 1716 1227 argumentationi-

341 1249 428 1299 bus,
460 1248 608 1301 quibus
632 1249 800 1291 divitias
818 1250 860 1290 in
883 1250 1002 1291 bonis
1026 1251 1306 1291 numerandas
1329 1263 1411 1291 non
1433 1262 1525 1292 esse
1548 1251 1716 1291 (lemon-

341 1328 512 1374 stratur,
545 1337 628 1364 una
649 1325 760 1376 apud
778 1325 995 1366 Platonem
1018 1325 1238 1375 invenitur,
1262 1324 1333 1365 sed
1357 1325 1421 1366 vel
1442 1325 1544 1365 haec
1565 1336 1589 1364 a
1610 1323 1717 1365 Stoi-

341 1399 399 1438 cis
417 1398 578 1439 exculta
602 1399 643 1439 in
669 1399 1005 1452 strictioremque
1021 1400 1198 1440 formam
1213 1403 1275 1440 est
1293 1398 1512 1450 redactal).
1545 1397 1718 1439 Ceterae

342 1485 486 1514 omnes
510 1472 741 1514 Stoicorum
767 1479 864 1515 sunt
886 1475 1092 1526 propriae.
1127 1474 1187 1514 Ex
1205 1474 1387 1525 quinque
1405 1473 1488 1513 illis
1511 1471 1718 1513 sollemni-

344 1547 421 1587 bus
444 1547 610 1588 scholae
632 1548 980 1598 conclusionibus,
1014 1548 1064 1588 (le
1095 1547 1244 1600 quibus
1267 1547 1424 1588 Seneca
1455 1546 1622 1598 exponit
1654 1557 1718 1596 ep.

343 1624 410 1671 87,
431 1626 514 1662 tres
529 1621 608 1662 hae
621 1622 664 1662 in
676 1622 837 1663 Tabula
853 1623 1098 1663 obveniunt:
1132 1626 1166 1662 1.
1184 1622 1302 1672 Quod
1317 1621 1468 1662 bonum
1485 1623 1560 1670 est,
1589 1619 1719 1660 bonos

344 1695 445 1735 facit
477 1699 578 1745 ect.;
612 1698 649 1736 2.
682 1696 798 1746 Quod
831 1696 1188 1747 contemptissimo
1222 1696 1368 1746 cuique
1400 1695 1641 1743 contingere
1673 1705 1721 1733 ac

343 1768 584 1819 turpissimo
616 1774 786 1820 potest.
812 1802 820 1810 .
855 1775 951 1820 ect.;
985 1773 1021 1810 3.
1056 1769 1215 1811 Bonum
1249 1780 1299 1809 ex
1320 1769 1428 1809 malo
1460 1780 1543 1809 non
1574 1766 1651 1807 fit.
1678 1798 1685 1805 .
1711 1799 1718 1806 .

344 1847 420 1882 ect.
484 1841 600 1891 Quae
642 1843 753 1894 apud
795 1842 993 1883 Senecam
1038 1855 1120 1884 non
1161 1846 1383 1884 occurrunt
1426 1842 1506 1882 duo
1553 1841 1720 1882 Cebetis

345 1922 612 1968 argumenta,
655 1929 704 1958 ea
734 1916 883 1958 Stoicis
921 1918 963 1958 in
995 1929 1074 1958 usu
1103 1916 1233 1958 fuisse
1265 1916 1386 1957 testis
1418 1919 1483 1956 est
1515 1916 1721 1966 Diogenes

347 1992 541 2032 Laertius
584 1990 664 2032 VII
708 1994 804 2032 103:
859 1985 924 2031 Οὐ
956 1992 1123 2043 μᾶλλον
1162 1988 1210 2030 ὁὲ
1242 1984 1404 2042 ω’φελεῖ
1431 1983 1457 2040 ἢ
1488 1985 1666 2040 βλάπτει
1699 1983 1720 2027 ὁ

346 2067 536 2113 πλοῦτος
566 2064 637 2105 καὶ
670 2059 694 2118 ἡ
727 2059 902 2118 ὑγίεια·
937 2060 1018 2106 οὐκ
1058 2061 1142 2117 ἄρα
1183 2059 1358 2117 ἀγαθὸν
1399 2059 1499 2104 οὔτε
1535 2063 1723 2109 πλοῦτος

349 2135 448 2179 οὔτε
494 2134 651 2192 ὑγίεια.
707 2135 801 2179 ’Έτι
846 2138 897 2179 δέ
936 2150 1093 2192 φασιν,
1137 2129 1171 2194 ᾦ
1214 2140 1332 2178 ἔστιν
1375 2128 1424 2178 εὖ
1469 2134 1541 2177 καὶ
1583 2136 1724 2182 κακῶς

348 2214 537 2265 χρῆσθαι
569 2218 646 2254 ect.
679 2215 732 2265 (v.
767 2226 893 2266 supra
922 2226 961 2265 p.
995 2214 1079 2262 45).

465 2288 721 2338 Argumenta
752 2288 824 2328 illa
854 2300 879 2328 a
910 2287 1067 2329 Seneca
1098 2290 1297 2338 congesta
1329 2286 1364 2326 si
1397 2288 1508 2326 recte
1540 2284 1724 2325 Zellerus

351 2361 407 2411 (d.
440 2361 545 2401 Phil.
579 2361 617 2402 d.
650 2360 719 2402 Gr.
753 2362 816 2402 III
853 2365 870 2402 l
905 2374 942 2413 p.
980 2364 1058 2402 199
1091 2374 1130 2401 n.
1166 2359 1205 2412 1)
1252 2359 1487 2411 suspicatur
1529 2371 1579 2399 ex
1609 2356 1725 2398 Posi-

350 2434 462 2475 donii
495 2435 637 2475 schola
667 2447 873 2485 manasse,
907 2435 1173 2476 statuendum
1207 2438 1272 2475 est
1302 2445 1385 2474 non
1417 2437 1515 2473 ante
1546 2432 1724 2484 primum

353 2521 376 2548 a
409 2507 503 2549 Chr¹
537 2522 575 2549 n.
609 2510 815 2550 saeculum
849 2509 1052 2550 Tabulam
1084 2521 1173 2549 esse
1218 2507 1462 2549 confectam.
1524 2506 1603 2547 Sed
1635 2517 1725 2546 cum

471 2668 502 2711 ¹)
527 2668 569 2702 cf.
596 2679 627 2710 p.
654 2670 708 2703 45.
