1888 3170
703 244 987 282 -19-

159 354 516 408 philosophorum,
560 368 701 397 verum
741 355 868 397 etiam
910 355 958 396 de
995 367 1139 407 regum
1176 353 1434 408 temporibus
1465 353 1532 395 vix

159 429 383 482 quidquam
430 443 504 483 pro
545 429 760 482 explorato
798 429 963 471 habere.
1025 429 1127 479 Quis
1169 429 1279 471 enim
1322 441 1447 470 ausus
1478 428 1534 469 sit

158 515 310 555 ponere
332 505 598 547 Aristotelem
630 506 741 545 intra
772 516 903 546 annos
937 507 1018 546 393
1050 508 1092 545 et
1125 507 1206 545 373
1229 503 1456 545 Alexandri
1478 502 1533 543 M.

159 577 289 620 fuisse
332 582 663 632 praeceptorem,
708 578 788 620 nisi
831 578 900 630 qui
945 590 1108 620 omnem
1146 577 1457 630 chronologiam
1488 575 1532 618 in

158 654 346 705 quamvis
389 652 518 695 firmis
562 657 748 695 veterum
791 652 1042 695 testimoniis
1085 653 1224 694 nixam
1258 651 1380 693 nihili
1411 651 1534 694 aesti-

160 739 276 769 mare
307 728 492 769 animum
523 727 760 769 induxerit?

277 826 373 868 Jam
405 826 456 866 de
494 825 544 866 iis
588 825 822 876 videamus,
861 825 931 876 qui
975 836 1125 866 novam
1165 824 1364 866 vocabulo
1404 827 1536 876 Περι-

162 901 395 953 πατητικοί
414 899 694 941 adhibuerunt
717 899 1116 952 interpretationem.
1164 899 1300 952 Atque
1331 899 1454 950 idem,
1486 898 1536 940 de

159 988 239 1028 quo
276 975 397 1017 modo
434 974 631 1026 diximus,
680 975 920 1025 Feurlinus‚
969 975 1127 1016 mavult
1171 978 1321 1026 putare
1363 985 1445 1015 non
1486 973 1536 1014 de

161 1049 400 1091 Aristotelis
433 1049 710 1091 sectatoribus
743 1049 930 1091 hocloco
954 1048 1037 1099 agi,
1069 1048 1140 1089 sed
1173 1052 1272 1089 ante
1294 1048 1535 1089 Aristotelis

158 1127 341 1166 aetatem
373 1123 528 1174 fuisse,
561 1124 631 1175 qui
669 1135 760 1164 cum
792 1117 840 1165 ἐν
871 1119 1113 1179 περιπάτῳ,
1146 1122 1184 1162 h.
1219 1134 1253 1162 e.
1288 1122 1535 1174 spatiantes,

159 1199 375 1250 docerent,
417 1198 688 1250 Peripatetici
727 1198 791 1239 vel
828 1198 967 1250 potius
1006 1196 1228 1249 Peripatici
1268 1200 1535 1248 vocarentur;

159 1286 284 1326 quam
315 1273 707 1326 interpretationem
728 1273 793 1314 vel
815 1273 993 1314 maxime
1015 1271 1297 1313 commendari
1324 1271 1533 1324 scriptura

159 1349 247 1390 cod.
275 1348 344 1399 M„
376 1349 449 1400 qui
472 1348 640 1390 exhibet
665 1349 972 1400 Περιπατικοί;
1005 1347 1114 1389 unde
1137 1358 1340 1400 apparere
1362 1346 1429 1388 hic
1455 1358 1536 1388 non

159 1423 461 1474 Aristotelicos,
485 1424 555 1476 qui
578 1424 730 1476 ubique
747 1423 1093 1475 Περιπατητικοί
1111 1423 1439 1472 nominarentur,
1466 1422 1537 1463 sed

161 1498 320 1549 priores
354 1498 445 1539 illos
476 1498 741 1550 philosophos
772 1497 1012 1549 significari.
1061 1496 1535 1549 Schweighaeuse1·us¹)‚

158 1573 227 1625 qui
269 1573 369 1614 item
401 1573 546 1614 scribit
582 1574 888 1626 Περιπατικοί,
930 1572 1032 1614 duos
1074 1571 1367 1624 Aristophanis
1410 1571 1535 1622 locos,

158 1647 227 1700 qui
268 1651 365 1688 sunt
404 1659 493 1688 ran.
532 1650 613 1689 973
657 1646 778 1699 (942)
817 1650 858 1689 et
892 1649 973 1688 984
1004 1646 1143 1699 (953),
1176 1646 1265 1688 vult
1296 1646 1535 1688 testimonio

157 1733 263 1773 esse,
297 1722 543 1763 vocabulum
566 1723 799 1775 περίπατος
827 1722 910 1763 iam
933 1721 1120 1764 Socratis
1149 1724 1289 1763 aetate
1311 1733 1393 1763 non
1416 1721 1536 1764 modo

157 1799 324 1850 xystum
354 1800 397 1838 et
437 1796 572 1837 locum
614 1796 887 1838 ambulationi
919 1796 1194 1848 destinatum,
1228 1809 1371 1838 verum
1410 1796 1536 1838 etiam

159 1871 449 1913 scholasticam
504 1871 847 1924 philosophorum
899 1871 1229 1924 disputationem
1279 1871 1536 1924 designasse.

158 1945 248 1996 Quo
287 1958 337 1988 ex
379 1959 455 1987 usu
494 1945 616 1987 facile
659 1946 859 1998 explicari
900 1946 1002 1987 illud
1041 1948 1329 1999 περιπατικοί.
1398 1946 1536 1998 Atque

158 2033 265 2073 quae
305 2020 373 2061 ille
410 2020 461 2061 de
499 2020 700 2062 vocabulo
738 2021 973 2073 περίπατος
1010 2020 1216 2073 disputat,
1261 2032 1310 2062 ea
1341 2024 1453 2062 recte
1493 2032 1537 2062 se

158 2095 330 2145 habent,
364 2107 498 2148 neque
530 2098 671 2137 tamen
703 2084 752 2136 iu'
778 2095 841 2146 iis,
874 2106 978 2147 quae
1006 2107 1056 2136 ex
1085 2095 1150 2137 his
1172 2095 1272 2136 locis
1296 2094 1345 2136 de
1367 2095 1534 2138 nomine

162 2171 441 2222 περιπατικοί
476 2169 583 2211 effici
615 2170 846 2221 existimat,
889 2169 1278 2222 Schweighaeusero
1315 2171 1534 2212 assentior.

158 2244 222 2286 Ex
262 2244 446 2296 antiquis
489 2245 600 2286 enim
640 2245 912 2297 scriptoribus
962 2245 1033 2296 iis,
1081 2257 1256 2298 quorum
1305 2256 1432 2298 opera
1480 2245 1533 2286 ad

160 2322 349 2360 nostram
381 2331 511 2372 usque
544 2320 785 2361 memoriam
817 2323 1076 2371 manserunt,
1108 2319 1245 2361 nullus
1282 2319 1383 2361 illud
1416 2332 1534 2372 περι-

164 2395 343 2434 namo(
388 2393 596 2444 adhibuit;
643 2394 794 2436 nedmn
832 2393 1149 2445 significationis
1180 2394 1253 2435 illa
1284 2392 1534 2445 differentia,

158 2479 282 2520 quam
302 2467 409 2509 inter
420 2465 729 2522 περιπατικούς
741 2470 782 2509 et
792 2465 1155 2521 περιπατητικούς
1166 2468 1317 2510 statuit
1331 2468 1536 2520 Schweig-

159 2541 405 2594 haeuserus,
452 2556 628 2596 usquam
676 2547 1032 2585 commemoretur.
1099 2544 1242 2596 ltaque
1282 2555 1533 2596 quamquam

275 2746 307 2790 ¹)
334 2747 412 2782 edit.
440 2748 550 2781 maior
578 2749 665 2783 1798
690 2759 723 2791 p.
751 2749 817 2781 306
842 2752 877 2781 et
903 2748 979 2782 366.
