1888 3170
847 186 1153 224 -118-

315 299 412 346 29,4
463 295 550 347 bis,
598 295 830 336 adhibitum
878 296 989 347 apud
1034 296 1251 338 Platonem
1299 308 1461 349 quoque
1503 298 1684 340 obvenit.

316 368 624 410 Obambulandi
650 368 956 420 significatione
979 370 1113 421 (13‚1)
1145 382 1226 411 non
1248 371 1454 421 reperitur
1473 372 1553 412 nisi
1575 371 1685 423 apud

318 443 568 484 recentiores
593 442 842 495 (Polybium,
874 442 1156 494 Plutarchum,
1188 443 1417 494 Diogenem
1438 443 1683 495 Laertium).

428 510 677 569 ἀνανήφω
709 515 814 568 (9,3)
846 521 887 557 et
918 517 1082 569 proprie
1109 521 1151 559 et
1172 517 1452 569 metaphorice
1483 518 1685 559 usitatum

317 590 595 631 recentiorum
629 596 712 641 est;
743 590 910 642 proprie
942 603 989 632 eo
1017 595 1191 633 utuntur
1212 591 1430 642 Diodorus,
1463 591 1687 644 Dionysius

316 664 726 715 Halicarnassensis,
768 662 996 715 Lucianus,
1038 663 1307 715 Plutarchus,
1355 665 1430 715 „ad
1463 665 1687 706 sanitatem

315 737 464 778 mentis
511 736 669 778 redire“
715 735 924 788 significat
963 738 1072 789 apud
1115 738 1289 780 Dionem
1334 737 1686 791 Chrysostomum,

313 823 370 852 or.
405 815 430 852 4
461 824 498 862 p.
526 814 578 852 78
603 811 724 852 Dind.
772 811 1014 853 Transitum
1045 814 1165 864 quasi
1197 824 1247 853 ex
1278 813 1445 864 proprio
1477 813 1519 853 in
1551 817 1684 854 meta-

312 885 524 937 phoricum
563 897 682 926 usum
713 883 872 926 factum
903 886 1012 938 apud
1050 885 1265 927 Philonem
1303 887 1462 936 inveni,
1506 888 1576 938 qui
1607 887 1685 938 leg.

317 958 385 999 all.
428 959 565 1009 1116,
610 959 681 999 ubi
714 959 763 998 de
797 960 909 1001 Noae
948 960 1147 1001 ebrietate
1187 960 1405 1002 disseruit
1450 961 1688 1012 allegorica,

313 1038 358 1074 ut
391 1033 507 1076 solet
542 1033 890 1085 interpretatione
922 1045 1020 1075 usus
1042 1035 1201 1086 peroit:
1234 1030 1319 1075 Διὸ
1353 1032 1423 1075 καὶ
1455 1029 1688 1088 ἀνανήφει,

312 1108 441 1148 τοῦτο
476 1101 512 1147 δ’
519 1108 608 1147 ἔστι
640 1115 851 1160 μετανοεῖ.

429 1177 750 1234 ἀνδροφονῶ
775 1180 861 1233 (40.
869 1180 923 1232 3).
976 1181 1146 1222 Praeter
1172 1186 1379 1223 auctorem
1404 1182 1691 1234 Pseudo-Hip-

312 1268 423 1308 pocr.
443 1268 503 1308 ep.
530 1256 594 1297 ad.
613 1256 802 1297 Democr.
828 1256 1083 1296 recentiores
1101 1257 1233 1296 solum
1256 1255 1332 1296 hoc
1350 1257 1474 1297 verbo
1492 1255 1559 1297 usi
1580 1261 1689 1308 sunt,

314 1330 355 1370 in
389 1329 537 1382 quibus
572 1329 703 1371 Philo.
759 1323 1044 1381 ἀνδροφόνος
1075 1329 1184 1381 apud
1223 1330 1440 1371 Platonem
1471 1332 1689 1382 reperitur,

313 1398 594 1457 ἆνδροφονιά
627 1404 763 1454 ipsum
793 1415 955 1456 quoque
987 1404 1262 1445 recentiorum
1296 1408 1357 1445 est
1390 1404 1550 1456 (plut).

426 1473 636 1519 ἄνοδιά.
664 1480 757 1529 152
777 1478 956 1529 optimus
980 1478 1107 1518 codex
1125 1478 1165 1518 A
1187 1478 1354 1519 exhibet
1377 1473 1429 1518 δι’
1451 1473 1633 1527 ἀνοδίας
1644 1478 1690 1530 1),

314 1553 425 1605 quod
458 1565 551 1593 cum
582 1551 789 1604 Sauppeio
823 1555 864 1593 et
895 1552 1101 1594 Jerramio
1134 1552 1299 1604 recipio,
1333 1565 1426 1593 cum
1458 1552 1691 1594 Drosihnus

312 1627 526 1678 vulgatam
557 1627 807 1678 scripturam
844 1638 893 1667 ex
933 1626 1210 1667 deterioribus
1248 1626 1364 1667 codd.
1405 1626 1596 1668 haustam
1629 1639 1692 1667 re-

311 1701 446 1742 tineat
478 1697 749 1741 δυσανάδου.
1282 1684 1284 1687 ¹

428 1775 689 1816 Adiectivum
719 1771 882 1823 ἄνοδος
904 1774 1011 1826 apud
1036 1773 1353 1826 Xenophontem
1375 1778 1514 1816 exstat
1535 1775 1690 1828 (Anab.

312 1849 514 1902 4,8,10)‚
548 1850 812 1892 substantivo
845 1844 1005 1890 (Ξνοδιά
1043 1854 1209 1900 praeter
1240 1849 1540 1901 Hippocratem
1555 1847 1591 1902 2)
1625 1862 1688 1891 re-

311 1925 515 1966 centiores
557 1925 621 1965 usi
666 1929 780 1975 sunt,
823 1924 937 1964 velut
981 1923 1203 1976 Polybius,
1244 1924 1383 1974 Philo,
1429 1923 1691 1965 Plutarchus.

311 1993 470 2053 ἀνοδίᾳ
503 1999 801 2040 adverbialiter
833 1998 1064 2039 adhibitum
1093 1998 1211 2048 (Tab.
1238 1998 1352 2049 223)
1386 1998 1548 2040 invenis
1580 1999 1690 2050 apud

312 2073 544 2125 Polybium,
577 2073 818 2115 Diodorum.

425 2141 764 2199 ἀντιφάρμακον
807 2147 922 2197 (26,3
965 2145 1059 2196 bis).
1140 2145 1404 2186 Adiectivum
1451 2145 1528 2186 hoc
1574 2158 1692 2187 voca-

312 2222 457 2263 bulum
492 2226 555 2263 est
581 2223 693 2274 apud
716 2221 943 2263 Diodorum
967 2221 1054 2271 (17,
1076 2220 1211 2271 90,7);
1244 2220 1553 2261 substantivum
1585 2220 1693 2272 apud

310 2297 567 2339 Athenaeum
601 2296 657 2348 (9,
677 2299 758 2338 370
778 2295 845 2348 e.),
890 2294 1170 2337 Dioscoridem
1204 2293 1261 2346 (2,
1281 2293 1365 2342 96).
1427 2294 1694 2346 Antiquiores

424 2478 449 2514 1)
477 2477 519 2512 cf.
546 2477 666 2512 Muell.
693 2489 726 2521 p.
754 2479 809 2512 23.

427 2545 453 2590 2)
480 2546 709 2590 Hippocratis
739 2546 825 2580 locis
850 2545 884 2579 in
911 2545 978 2579 hac
1005 2544 1212 2587 quaestione
1244 2554 1312 2577 non
1345 2543 1491 2578 multum
1523 2550 1678 2578 moment

309 2603 535 2637 tribuendum
555 2608 618 2646 est,
645 2613 721 2636 cum
740 2603 881 2646 quinam
901 2612 943 2636 ex
960 2601 1011 2635 eis
1035 2601 1145 2643 libris,
1173 2601 1231 2644 qui
1257 2600 1485 2644 Hippocratis
1508 2601 1692 2644 feruntur,

308 2661 386 2695 iure
412 2660 441 2693 ei
470 2660 730 2703 adscribantur,
756 2659 868 2694 adhuc
894 2669 963 2693 non
989 2662 1133 2694 constet.

1863 534 1873 673 saunari«
1863 408 1871 490 „Ad-¹
