1888 3170
190 325 419 367 Drosihnus
448 324 603 374 attulit,
636 326 882 375 argumento
905 323 1117 375 probatur.
1173 320 1418 372 Suspicatur
1448 320 1556 360 euim

189 401 399 440 auctorem
441 397 645 450 epistulae
688 397 797 437 inter
838 396 1039 448 epistulas
1079 395 1263 437 Socratis
1302 399 1343 436 et
1379 393 1557 435 Socrati-

189 484 328 514 corum
364 475 435 523 20,
480 483 603 524 quam
644 469 823 512 Orellius
864 469 1040 510 coniecit
1077 468 1298 522 (Pseud0-)
1333 467 1476 509 Cebeti
1519 471 1560 508 et

188 545 404 598 (Pseudo-)
438 545 632 587 Simmiae
663 544 927 586 tribuendam
959 555 1066 594 esse,
1099 555 1192 584 cum
1225 542 1426 584 scriberet
1456 541 1560 582 illud

188 614 352 667 παντὸς
383 613 446 660 ὢν
479 615 622 659 ἐπάνω
660 613 856 658 πλούτου
887 615 959 657 καὶ
992 613 1140 669 δόξης,
1179 616 1229 657 de
1260 615 1424 658 Cebetis
1457 615 1556 656 Tab.

189 705 278 745 cap.
305 696 371 743 26,
397 696 419 734 3
443 693 660 744 cogitasse.
715 691 842 743 Atqui
872 691 1094 733 verisimile
1120 703 1210 732 esse
1238 691 1332 733 illas
1360 690 1560 742 epistulas

190 778 271 808 non
293 771 387 818 post
409 767 514 808 med.
535 767 576 807 ΙΙ
594 779 632 818 p.
653 763 748 806 Chr.
772 778 810 805 n.
836 764 1047 806 saeculum
1064 765 1311 817 compositas
1330 776 1440 816 esse;
1463 775 1560 815 ergo

190 852 236 882 eo
254 840 336 881 iam
358 844 545 892 tempore
576 839 780 880 Tabulam
802 842 844 880 et
872 839 1081 880 exstitisse
1112 842 1153 880 et
1174 838 1386 880 Socratico
1419 837 1562 879 Cebeti

190 914 444 966 adscriptam
466 925 567 955 esse.
620 913 711 962 Qua
733 912 1094 964 argumentatione
1111 912 1214 952 nihil
1235 915 1373 964 potest
1394 923 1485 954 esse
1502 912 1562 952 in-

192 986 364 1029 firmius.
416 987 602 1028 Primum
634 987 742 1028 enim
775 986 889 1027 illam
921 986 1143 1038 epistulam
1175 999 1223 1026 ex
1255 986 1439 1027 auctoris
1472 997 1562 1026 sen—

189 1062 323 1102 tentia
352 1061 496 1103 Cebeti
530 1061 793 1102 tribuendam
825 1073 916 1102 esse
948 1060 1116 1101 minime
1148 1063 1314 1101 constat
1355 1059 1424 1101 sed
1467 1071 1562 1100 con-

192 1136 352 1177 iectura
391 1135 619 1187 colligitur3
652 1135 800 1176 deinde
837 1146 935 1175 num
971 1133 1154 1175 Socratis
1186 1137 1228 1174 et
1256 1132 1562 1175 Socraticorum

191 1221 298 1261 quae
338 1208 529 1250 feruntur
566 1209 769 1261 epistulae
803 1212 899 1250 ante
931 1208 1035 1249 med.
1067 1207 1109 1248 II
1146 1211 1241 1259 post
1274 1207 1369 1249 Chr.
1403 1220 1442 1249 n.
1476 1219 1564 1249 sae-

191 1282 328 1324 culum
361 1283 574 1325 confectae
605 1284 708 1333 sint,
745 1282 986 1334 ambigitur.
1048 1281 1152 1322 Tum
1183 1282 1293 1334 quod
1328 1283 1481 1323 attinet
1511 1282 1565 1323 ad

192 1357 265 1397 illa
296 1357 498 1398 vocabula
529 1353 692 1405 παντὸς
723 1351 786 1397 ὢν
818 1352 963 1396 ἐπάνω
995 1350 1190 1395 πλούτου
1221 1354 1294 1396 καὶ
1326 1353 1468 1408 δόξης,
1499 1356 1565 1397 hic

192 1443 419 1472 consensus
456 1444 538 1472 non
576 1432 678 1472 satis
712 1431 821 1472 valet
858 1430 910 1471 ad
942 1430 1201 1481 probandum
1233 1429 1418 1471 Tabulae
1449 1430 1563 1470 illum

190 1504 324 1545 locum
369 1505 529 1546 auctori
573 1504 838 1546 obversatum
871 1515 979 1554 esse,
1022 1515 1114 1543 cum
1158 1504 1384 1545 sescenties
1421 1504 1563 1545 eadem

191 1590 256 1618 res
298 1578 445 1619 iisdem
489 1578 576 1619 fere
618 1578 682 1619 his
723 1578 934 1619 vocabulis
979 1577 1090 1629 apud
1133 1578 1386 1629 posteriores
1432 1579 1566 1631 expri—

192 1655 331 1692 matur
344 1650 389 1703 ¹).
435 1652 651 1693 Postremo
669 1651 831 1693 etiamsi
852 1651 1168 1693 concederemus
1184 1651 1565 1694 Pseudo—Cebetem

192 1725 262 1777 qui
300 1723 527 1778 epistulam
560 1725 675 1767 illam
713 1726 944 1777 composuit
975 1726 1177 1767 Tabulam
1218 1724 1417 1767 Socratici
1456 1725 1566 1766 illius

192 1798 426 1851 philosophi
458 1800 738 1850 existimasse,
771 1802 910 1840 tamen
942 1803 1163 1851 propterea
1203 1811 1284 1841 non
1323 1804 1567 1852 sequeretur

192 1873 316 1924 vulgo
359 1873 454 1914 inde
496 1874 548 1914 ab
590 1873 660 1915 illo
703 1877 887 1924 tempore
928 1873 986 1914 sic
1029 1873 1233 1914 creditum
1275 1872 1424 1926 esse2).
1486 1874 1566 1914 Sed

192 1950 239 1988 ut
269 1959 472 1999 ponamus
504 1947 613 1999 apud
644 1946 898 1988 recentiores
931 1946 1039 1987 hanc
1071 1947 1306 1999 opinionem
1339 1947 1467 1988 fuisse
1504 1947 1565 1987 di-

192 2021 409 2072 vulgatam
440 2018 791 2071 Lucianumquess)
832 2024 874 2060 et
907 2019 1166 2061 Clialcidium
1210 2021 1464 2062 intellexisse
1496 2020 1568 2062 So—

194 2095 395 2136 craticum
437 2093 651 2136 Cebetem:
690 2105 813 2145 quam
858 2106 986 2145 parva
1029 2094 1092 2134 his
1140 2095 1180 2135 in
1218 2095 1342 2136 rebus
1379 2098 1566 2136 veterum

194 2168 462 2221 scriptorum,
506 2168 586 2209 nisi
627 2169 698 2219 qui
742 2168 791 2208 de
832 2168 1041 2209 industria
1081 2169 1123 2209 in
1156 2172 1247 2209 arte
1278 2169 1422 2210 critica
1453 2180 1567 2209 exer-

194 2242 323 2283 cenda
363 2255 532 2294 operam
572 2242 809 2292 collocavit,
857 2242 911 2282 sit
958 2243 1208 2294 auctoritem,
1254 2243 1346 2295 quis
1389 2246 1453 2283 est
1496 2242 1568 2295 qui

309 2387 342 2432 ¹)
369 2388 413 2423 cf.
439 2387 531 2422 infra
556 2399 590 2432 p.
615 2388 668 2421 50.

312 2456 339 2498 2)
366 2457 565 2491 Drosihnus
589 2468 622 2500 p.
651 2458 690 2490 5:
719 2456 802 2500 „hat
834 2456 908 2490 sich
936 2456 990 2489 die
1007 2456 1191 2490 Tradition
1216 2456 1451 2500 festgesetzt“;
1478 2457 1570 2491 idem

195 2524 228 2557 p.
258 2515 317 2547 15:
345 2515 455 2558 „nach
479 2514 706 2557 allgemeiner
731 2513 946 2548 Traditi0n“.

311 2582 345 2626 ⁸)
370 2583 427 2616 Ex
451 2583 512 2617 illo
539 2578 703 2624 ἐκεῖνος,
735 2582 829 2625 quod
855 2581 984 2615 nomini
1009 2581 1167 2625 adiungit
1191 2582 1387 2626 Lucianus‚
1412 2582 1501 2616 nihil
1526 2582 1568 2616 de

195 2644 354 2683 tempore
384 2639 618 2682 colligendum
643 2649 735 2683 esse,
770 2640 845 2672 iure
881 2639 1062 2673 contendit
1093 2639 1294 2673 Drosihnus
1325 2651 1358 2683 p.
1392 2642 1429 2682 53
1466 2650 1568 2683 quem

195 2696 322 2730 iniuria
347 2707 422 2731 eam
449 2697 493 2731 ob
518 2707 658 2731 eausam
685 2695 911 2740 reprehendit
934 2695 1126 2730 Jerramius
1151 2707 1183 2739 p.
1210 2697 1376 2730 XXXIX.
