1888 3170
677 205 952 242 -89Μ

131 315 286 357 Tiberii
318 316 571 368 temporibus
602 315 851 367 composita,
892 315 960 356 ubi
992 327 1191 368 personas
1223 316 1401 358 induunt
1439 316 1501 356 οἰ-

131 389 337 442 κουμένη,
369 387 545 443 χρόνος,
578 391 739 442 μῦθος,
770 385 925 441 Ἰλιάς,
956 385 1205 432 Ὀδυσσεία.
1266 390 1331 431 Ea
1361 393 1503 432 tamen

132 464 173 504 in
213 475 257 504 re
299 466 435 505 nescio
474 477 527 506 an
559 464 811 505 imitatorem
845 464 976 506 Cebes
1020 476 1062 504 se
1094 464 1354 516 praebuerit,
1395 463 1504 517 quod

132 537 312 578 Poenam
351 536 469 580 finxit
499 537 707 590 flagellum
740 541 972 589 tenentem,
1015 538 1247 580 Tristitiam
1279 542 1403 591 caput
1433 549 1504 588 ge-

132 611 253 652 nibus
304 611 563 663 fulcientem,
616 612 847 653 Maerorem
894 613 1064 665 capillos
1114 625 1209 654 suos
1262 613 1505 654 evellentem

141 683 304 738 (10‚2);
338 698 457 737 quem
489 698 585 727 vero
619 685 804 728 imitatus
846 690 975 738 esset,
1013 699 1095 727 non
1127 687 1302 737 contigit
1332 686 1431 728 mihi
1462 690 1510 727 ut

135 761 410 812 explorarem3
453 773 579 800 unum
612 772 903 812 commemoro,
947 761 1081 802 simile
1113 761 1310 802 tristitiae
1341 761 1505 812 signum

134 846 334 885 apparere
365 834 407 875 in
439 834 629 875 Herculis
662 838 800 875 statua
833 847 855 874 a
887 835 1067 887 Lysippo
1099 834 1219 876 facta.

249 908 329 950 Sed
358 909 558 950 hactenus
586 908 635 950 de
668 909 842 959 singulis
865 909 1047 949 Tabulae
1068 909 1271 960 personis.
1323 909 1385 950 De
1416 910 1507 950 uni-

137 995 253 1024 versa
305 983 604 1035 compositione
655 983 768 1025 nullo
824 983 992 1034 negotio
1036 984 1259 1035 perspicies
1310 985 1423 1025 illam
1461 984 1510 1025 de

137 1057 315 1098 Hercule
347 1058 388 1098 in
410 1057 520 1099 bivio
554 1057 734 1099 fabulam
760 1058 920 1098 auctori
947 1069 1037 1098 esse
1059 1058 1318 1099 obversatam
1333 1057 1378 1107 1).
1432 1057 1511 1100 Sed

137 1131 213 1173 hoc
250 1156 293 1159 w-
329 1130 551 1184 artificum,
589 1144 669 1172 non
708 1132 954 1184 scriptorum
992 1131 1025 1172 si
1063 1131 1265 1173 rationem
1296 1132 1425 1174 habes
1458 1156 1509 1161 —

138 1205 190 1247 ad
211 1209 393 1247 aetatem
416 1206 595 1247 auctoris
617 1206 779 1247 Pinacis
801 1205 1133 1257 investigandam
1162 1207 1318 1247 nullam
1340 1206 1513 1258 praebet

139 1293 296 1331 ansam,
330 1293 421 1322 cum
452 1281 665 1322 rarissime
702 1280 880 1322 artifices
918 1281 1160 1332 allegoriam
1200 1281 1312 1322 illam
1349 1292 1513 1332 reprae-

139 1355 344 1396 sentarint
374 1367 507 1408 neque
528 1356 578 1397 ad
600 1368 674 1397 nos
696 1355 932 1408 pervenerit
951 1356 1030 1396 nisi
1053 1368 1178 1397 unum
1199 1358 1355 1397 certum
1378 1367 1513 1396 exem-

143 1431 268 1482 plum,
302 1430 410 1482 quod
443 1435 505 1472 est
536 1431 579 1471 in
609 1431 858 1472 numismate
890 1431 1066 1482 quodam
1098 1429 1357 1479 Hadriani2).

257 1504 485 1546 Plurimum
508 1517 604 1546 vero
627 1505 668 1546 id
691 1505 792 1546 mihi
812 1505 1007 1557 ponderis
1029 1504 1183 1546 habere
1204 1504 1381 1557 videtur,
1405 1503 1515 1556 quod

141 1579 190 1630 is,
214 1579 283 1632 qui
305 1579 489 1620 tabulam
516 1580 629 1620 illam
651 1580 894 1632 composuit,
916 1592 999 1620 non
1020 1578 1220 1620 artificem
1243 1590 1286 1619 se
1307 1578 1514 1630 praebuit,

143 1654 215 1696 sed
245 1653 536 1707 philosophum
573 1666 706 1707 neque
737 1666 811 1707 per
842 1666 887 1696 se
919 1654 1052 1706 ipsum
1086 1676 1137 1681 —
1170 1656 1216 1694 ut
1255 1652 1377 1695 debet
1414 1652 1517 1694 arti-

143 1727 279 1770 ficium
311 1753 365 1758 —
396 1729 508 1772 illius
530 1742 631 1781 opus
653 1730 800 1782 placet,
828 1728 899 1770 sed
920 1731 1089 1781 propter
1111 1727 1377 1779 sententiam,
1411 1737 1516 1779 quae

145 1815 192 1846 eo
224 1804 480 1856 exprimitur,
542 1804 655 1845 Haec
695 1807 834 1845 autem
870 1803 980 1844 ratio
1011 1801 1193 1853 fingendi
1232 1813 1374 1854 opera,
1416 1811 1521 1853 quae

146 1878 225 1919 nisi
249 1879 514 1932 sententiam,
547 1891 651 1932 quae
673 1879 722 1920 iis
746 1878 864 1930 quasi
894 1877 1097 1929 implicita
1121 1877 1237 1928 latet,
1269 1875 1520 1927 cogitatione

147 1953 334 1995 adhibita
356 1954 639 2006 explicaveris,
672 1956 783 1994 recte
813 1964 896 1994 non
920 1952 1210 2002 aestimantur,
1243 1962 1326 1991 non
1347 1949 1523 1990 invaluit

147 2031 243 2069 ante
274 2028 500 2070 Alexandri
531 2029 673 2081 Magni
704 2025 941 2080 aetatem3).

263 2102 378 2144 Haec
408 2103 537 2154 igitur
568 2106 814 2154 argumenta
853 2125 901 2129 ——
941 2105 988 2141 ut
1019 2111 1219 2141 summam
1259 2099 1344 2140 iam
1375 2098 1522 2139 faciam

150 2188 309 2228 eorum,
343 2189 448 2229 quae
478 2177 597 2219 modo
630 2176 840 2229 disputavi
870 2198 925 2204 -—
956 2187 1006 2216 ex
1037 2174 1139 2215 artis
1172 2172 1424 2214 Graecorum
1461 2172 1523 2213 hi-

151 2251 277 2293 storia
313 2251 556 2304 deprompta
596 2264 660 2292 me
701 2250 927 2301 adducunt,
968 2252 1015 2290 ut
1046 2245 1255 2301 Tabulam]
1296 2246 1524 2289 confectam

152 2338 242 2368 esse
272 2330 456 2368 statuam
478 2339 560 2367 non
582 2330 680 2368 ante
700 2324 925 2367 Alexandri
951 2327 1157 2375 tempora3
1190 2334 1282 2364 cum
1303 2320 1527 2372 allegoriae

154 2405 251 2442 ante
283 2401 395 2442 illam
418 2404 598 2443 aetatem
619 2399 846 2443 artificibus
877 2399 921 2440 in
943 2397 1281 2440 consuetudinem
1302 2409 1383 2438 non
1405 2407 1526 2436 vene-

271 2536 298 2581 l)
325 2536 367 2571 cf.
393 2537 661 2581 descriptionem
687 2537 762 2571 viae
787 2535 832 2570 ad
857 2535 1005 2570 virtutes
1030 2533 1178 2569 ferentis
1204 2544 1233 2568 c.
1261 2534 1302 2566 15
1313 2543 1385 2576 sq.,
1413 2532 1528 2566 Beati-

155 2593 309 2630 tudinem
335 2594 370 2628 in
396 2605 529 2628 summo
554 2598 670 2629 monte
694 2593 909 2627 habitantem
936 2603 964 2626 c.
989 2593 1044 2627 21.

272 2653 300 2696 ²)
327 2652 480 2686 Mueller
505 2652 644 2686 Handb.
670 2651 701 2685 d.
727 2651 834 2685 Arch.
861 2650 893 2685 d.
919 2649 962 2684 K.
988 2648 1007 2694 ξ
1032 2649 1109 2683 411.

272 2710 298 2754 ⁸)
326 2709 369 2747 cf.
397 2711 519 2746 Koert.
544 2721 580 2754 p.
607 2711 664 2755 84,
689 2712 752 2753 89ς
778 2708 930 2743 Mueller
956 2706 1152 2742 Handbuch
1179 2704 1219 2752 ἐξ
1245 2706 1322 2750 325,
1347 2704 1424 2739 405.
