1888 3170
851 184 1135 222 —28—

310 309 389 348 que
431 296 481 337 de
522 295 688 337 virtutis
733 299 777 336 et
817 295 908 337 vitii
951 296 1061 339 bivio
1103 310 1127 338 a
1166 296 1455 350 Pythagoricis
1495 299 1676 341 invento.

310 370 387 411 Illa
418 369 527 411 enim
557 369 766 411 distinctio
788 370 841 411 ab
861 370 1023 412 Eleatis
1053 371 1240 423 profecta
1262 371 1314 412 ab
1336 371 1386 413 iis
1408 385 1513 425 quae
1533 379 1679 424 postea

309 444 500 485 conditae
542 446 639 485 sunt
682 443 834 486 scholis
878 443 964 486 fere
996 445 1185 487 omnibus
1217 448 1386 497 recepta
1418 449 1501 498 est,
1542 447 1602 489 ita
1633 451 1679 489 ut

308 518 385 559 hac
424 517 465 558 in
507 529 552 558 re
583 517 867 559 Eleaticorum
908 518 1247 572 philosophorum
1286 520 1351 560 vel
1388 520 1575 563 Platonis
1607 521 1678 572 (cf.

308 591 413 633 Jerr.
437 604 475 643 p.
498 591 678 633 XXXIV
702 592 743 643 3)
774 594 950 645 vestigia
972 597 1184 635 auctorem
1205 594 1409 646 pressisse
1430 606 1512 637 non
1535 607 1678 637 conce-

308 666 453 707 damus
484 666 565 707 nisi
586 666 677 719 quis
698 667 940 719 probaverit
960 679 1022 719 ea,
1054 679 1162 720 quae
1183 668 1226 709 in
1248 668 1410 710 Tabula
1432 669 1482 710 de
1504 669 1678 710 scientia

307 744 348 781 et
379 740 572 792 opinione
603 740 844 792 traduntur,
877 742 938 783 ita
969 754 1060 783 cum
1091 743 1173 784 illis
1205 744 1443 795 convenire,
1475 747 1522 785 ut
1552 756 1576 784 a
1606 756 1678 797 po-

307 815 528 856 steriorum
573 814 914 868 philosophorum
965 816 1172 868 dogmatis
1218 818 1431 868 recedant3
1481 818 1523 859 id
1569 819 1678 871 quod

306 900 438 940 neque
470 902 493 929 a
515 888 721 930 Jerramio
752 889 974 942 probatum
997 894 1072 942 est,
1104 904 1235 944 neque
1257 892 1424 934 omnino
1446 892 1546 933 mihi
1566 892 1678 933 vide-

306 968 374 1005 tur
414 963 583 1016 probari
626 975 760 1016 posse.
822 964 912 1006 Hoc
953 977 1044 1007 cum
1085 965 1192 1017 dico,
1234 978 1317 1007 non
1349 978 1454 1018 nego
1488 967 1678 1019 equidem

306 1037 568 1080 Parmenidis
598 1038 751 1080 librum
773 1040 931 1081 auctori
957 1039 1140 1082 Tabulae
1172 1041 1422 1093 innotuisse,
1454 1041 1578 1082 immo
1602 1041 1678 1083 hoc

303 1113 369 1154 vel
399 1124 450 1153 ex
479 1123 527 1154 eo
559 1113 765 1165 suspicor,
808 1114 919 1166 quod
959 1114 1099 1167 aliqua
1139 1115 1248 1156 inter
1287 1127 1331 1156 se
1369 1115 1677 1168 coniunguntur

306 1187 577 1229 similitudine
617 1187 780 1229 initium
825 1189 1020 1230 carminis
1052 1189 1317 1230 Parmenidei
1349 1194 1390 1231 et
1422 1190 1606 1232 Tabulae
1638 1190 1674 1232 ei

304 1262 396 1313 loci,
427 1261 578 1314 quibus
610 1262 661 1303 de
693 1262 886 1315 opinione
918 1267 959 1304 et
992 1262 1166 1304 scientia
1197 1264 1430 1316 exponitur.

420 1336 542 1377 Aliud
583 1336 714 1378 latere
745 1336 959 1378 Eleaticae
1003 1337 1289 1389 philosophiae
1331 1339 1553 1390 vestigium
1591 1342 1675 1380 exi-

305 1410 491 1452 stimavit
523 1409 814 1462 Schaberus1),
847 1411 918 1464 qui
949 1412 1111 1453 auctori
1136 1411 1303 1453 illorum
1325 1412 1557 1454 doctrinam
1587 1413 1676 1465 pla-

305 1484 440 1526 cuisse
472 1496 521 1525 ex
560 1484 612 1525 iis
645 1484 822 1536 colligit,
862 1497 970 1537 quae
1011 1485 1059 1526 de
1102 1486 1329 1538 „principio
1370 1499 1466 1528 vere
1507 1486 1670 1528 divino“

302 1570 335 1599 c.
360 1561 412 1599 43
447 1562 724 1610 exponuntur.
776 1558 832 1600 At
853 1560 1031 1612 primum
1063 1560 1163 1601 haec
1195 1561 1408 1602 sententia
1439 1562 1483 1602 in
1516 1561 1675 1603 lubrico

304 1632 450 1674 nititur
480 1631 764 1674 fundamento.
838 1633 904 1674 Illi
937 1634 1044 1675 enim
1077 1635 1213 1686 operis
1246 1635 1456 1676 clausulae
1487 1635 1528 1676 in
1562 1635 1674 1677 nullo

307 1719 356 1748 ex
408 1706 477 1758 iis,
529 1718 635 1758 quae
700 1706 819 1749 nobis
861 1711 1028 1759 praesto
1075 1712 1172 1750 sunt
1220 1708 1448 1760 codicibus,
1511 1709 1581 1750 sed
1631 1710 1674 1750 in

303 1780 390 1821 sola
425 1781 615 1822 versione
653 1780 832 1823 Arabica
864 1786 1057 1824 servatae
1092 1783 1357 1824 vehementer
1389 1783 1533 1825 dubito
1576 1795 1675 1824 num

301 1854 525 1907 quidquam
548 1855 746 1896 momenti
768 1856 1033 1898 tribuendum
1057 1857 1123 1908 sit,
1155 1858 1404 1910 praesertim
1431 1869 1523 1898 cum
1546 1858 1674 1900 inter-

301 1932 460 1980 pretem
483 1929 708 1971 Arabicum
740 1930 782 1971 in
814 1930 889 1972 hoc
921 1930 1027 1973 libro
1058 1932 1278 1973 tractando
1309 1932 1440 1973 mnlta
1472 1932 1581 1974 male
1613 1932 1674 1974 in-

302 2002 508 2044 tellexisse
541 2004 808 2057 ridiculisque
831 2005 1042 2047 erroribus
1074 2009 1240 2058 captum
1273 2018 1364 2048 esse
1396 2018 1444 2047 ex
1465 2006 1536 2058 iis,
1568 2018 1674 2058 quae

301 2077 529 2120 Salmasius
566 2078 609 2119 in
650 2078 908 2131 praefatione
948 2079 1141 2121 editionis
1182 2092 1283 2122 suae
1316 2081 1542 2132 congessit,
1581 2093 1673 2134 per-

301 2153 489 2205 spicuum
527 2150 640 2205 sit2).
703 2153 782 2195 Sed
813 2157 860 2195 ut
891 2153 1164 2196 concedamus
1202 2154 1409 2197 Schabero
1449 2155 1673 2206 genuinam

415 2288 448 2334 ¹)
474 2289 591 2324 Ueber
618 2290 679 2325 das
706 2290 873 2325 Gemalde
899 2290 956 2326 des
980 2290 1108 2334 Kebes,
1133 2291 1307 2326 Constanz
1333 2293 1432 2336 1362,
1458 2303 1492 2336 p.
1518 2293 1550 2335 9,
1568 2293 1623 2325 43.

421 2345 453 2390 ²)
480 2346 604 2382 Paucis
629 2347 672 2382 de
696 2347 739 2383 iis
763 2358 940 2393 moneam,
974 2358 1062 2392 quae
1092 2358 1163 2382 non
1188 2348 1277 2382 bene
1308 2349 1397 2382 inter
1423 2358 1459 2383 se
1486 2349 1672 2383 convenire

300 2402 478 2446 videntur3
511 2414 539 2437 c.
565 2406 606 2438 41
634 2414 704 2439 ex.:
740 2415 807 2448 qua
832 2405 894 2440 illa
926 2415 947 2439 a
980 2406 1097 2450 pravis
1122 2405 1321 2440 actionibus
1357 2415 1434 2439 esse
1467 2405 1670 2449 creduntur3

300 2459 512 2494 vocabulum
537 2461 632 2505 quod
656 2465 710 2496 est
734 2461 796 2495 illa
820 2461 1000 2496 rettuleris
1023 2462 1067 2496 ad
1085 2463 1245 2506 virtutes,
1269 2472 1355 2506 quas
1381 2462 1416 2495 in
1432 2461 1671 2505 praecedenti-

305 2517 369 2551 bus
394 2517 570 2561 capitibus
595 2518 762 2553 traditum
786 2525 838 2553 est
862 2519 952 2554 male
977 2519 1080 2554 factis
1103 2519 1222 2563 parari
1246 2529 1316 2554 non
1340 2529 1453 2563 posse.
1502 2520 1549 2552 At
1574 2530 1602 2554 c.
1627 2520 1671 2552 42

305 2574 351 2608 in.
378 2574 550 2609 vocabulo
579 2575 708 2617 „talia“
744 2575 985 2618 significantur
1015 2587 1072 2610 res
1101 2576 1243 2610 mediae.
1292 2576 1392 2620 Quod
1417 2586 1459 2610 ne
1485 2576 1672 2620 suspiceris

298 2631 501 2674 interpretis
528 2631 646 2666 Latini
672 2633 827 2668 incuriae
852 2633 1076 2668 tribuendum
1101 2643 1193 2677 esse,
1226 2633 1371 2668 eandem
1402 2633 1669 2678 discrepantiam

298 2687 431 2723 invenis
456 2688 490 2722 in
517 2689 726 2725 Germanica
757 2690 913 2726 versione
938 2690 1102 2726 Muelleri
1134 2691 1182 2735 (in
1214 2691 1376 2728 Kraussii
1407 2691 1560 2726 editione
1586 2692 1669 2726 Ger-
