1888 3170
705 237 756 243 -
818 217 840 254 3
904 237 955 243 -,

147 341 328 382 operam,
361 330 443 371 nisi
464 330 573 383 quod
593 327 862 379 Jerramius1)
884 329 924 369 in
957 329 1165 380 prooemio
1197 328 1390 370 editionis
1422 340 1521 370 suae

148 404 281 445 denuo
324 404 533 445 recensuit
577 403 883 455 philosophiam
920 403 1106 444 Tabulae
1151 406 1193 444 et
1235 402 1285 443 de
1322 402 1522 454 allegoria

148 477 337 530 pluribus
378 478 593 528 disseruit,
627 477 700 518 sed
741 478 818 528 ita,
860 482 906 518 ut
937 490 986 518 ex
1025 478 1114 519 eius
1158 477 1440 528 disputatione
1471 477 1523 518 ad

148 552 347 593 iudicium
380 552 429 592 de
459 551 643 592 Tabulae
683 551 843 602 origine
889 551 1122 592 faciendum
1164 550 1345 592 fructum
1379 562 1524 603 capere

151 627 216 667 vix
259 627 414 678 possis3
459 626 567 666 idem
611 636 772 666 errores
815 625 1054 677 nonnullos,
1100 625 1249 678 quibus
1292 625 1525 666 Drosihnus

152 704 296 752 captus
327 703 419 741 erat
450 700 491 739 in
523 698 804 750 componendo
836 699 1052 740 verborum
1086 699 1232 750 indice,
1266 700 1466 750 coarguit.

267 774 380 814 Nihil
419 773 572 813 attinet
612 772 802 825 pluribus
850 784 1053 824 exponere
1092 785 1141 814 ea
1183 773 1271 825 via,
1311 785 1434 826 quam
1466 773 1529 813 in-

153 860 320 899 gressus
352 847 586 888 Drosihnus
619 859 669 887 ne
700 846 751 886 ad
792 846 913 888 finem
958 860 1044 888 rem
1077 851 1358 900 pertractaret
1395 851 1529 889 morte

156 922 377 974 impeditus
399 926 476 973 est,
499 922 755 973 pergendum
779 934 881 963 esse.
930 923 1046 972 Quae
1067 923 1174 963 enim
1197 923 1340 975 paucis
1362 922 1530 975 paginis

155 997 224 1037 ille
246 1009 308 1047 ea,
332 1008 454 1049 quam
479 995 694 1047 descripsi,
725 996 959 1047 inquirendi
981 996 1144 1037 ratione
1165 1009 1264 1038 usus
1287 997 1531 1049 disputavit,

159 1083 209 1112 ex
240 1071 291 1112 iis
323 1074 409 1112 tam
432 1071 592 1122 amplus
615 1069 773 1111 fructus
796 1070 973 1122 capitur,
1005 1074 1051 1111 ut
1076 1070 1144 1110 vix
1176 1071 1297 1111 liceat
1328 1070 1532 1121 dubitare,

156 1146 254 1198 quin
287 1157 437 1197 operae
466 1145 644 1197 pretium
680 1144 865 1185 futurum
899 1145 973 1195 sit,
1015 1145 1143 1186 altius
1175 1144 1282 1186 hanc
1313 1145 1533 1186 materiam

158 1220 349 1261 omnibus
383 1230 432 1260 ex
462 1219 653 1271 partibus
684 1219 957 1271 perscrutari,
992 1231 1124 1271 neque
1155 1219 1374 1261 audiamus
1405 1219 1536 1261 Eber-

158 1291 384 1343 hardium2)
415 1305 588 1345 prorsus
620 1293 671 1334 de
696 1293 775 1334 hac
805 1293 1095 1346 disquisitione
1126 1294 1432 1346 desperantem.
1488 1295 1536 1335 Id

159 1368 266 1409 enim
299 1371 411 1408 certe
442 1379 655 1419 speramus
687 1379 762 1408 nos
795 1371 1059 1409 assecuturos
1091 1379 1202 1418 esse,
1243 1371 1290 1409 ut
1314 1381 1384 1410 eos
1416 1367 1538 1409 refel-

159 1443 307 1493 lamus,
340 1442 409 1495 qui
441 1442 568 1482 etiam
601 1440 769 1493 nuper3)
801 1442 946 1493 paucis
978 1442 1227 1494 quibusdam
1259 1442 1359 1483 locis
1391 1442 1538 1484 deletis

160 1516 237 1557 hoc
277 1528 379 1568 opus
419 1528 509 1556 cum
544 1515 727 1557 Socratis
765 1515 1028 1567 philosophia
1059 1516 1341 1569 Socraticique
1373 1517 1540 1558 Cebetis

161 1594 300 1631 aetate
322 1590 445 1642 plane
467 1590 687 1631 convenire
710 1589 1023 1638 existimarunt3
1050 1602 1152 1642 quos
1174 1591 1407 1633 Drosihnus
1429 1591 1541 1632 haud

163 1664 438 1706 mediocribus
469 1665 727 1715 argumentis
760 1665 1021 1716 impugnavit
1053 1678 1185 1717 neque
1217 1669 1355 1706 tamen
1389 1666 1463 1717 ita,
1496 1669 1542 1706 ut

163 1742 294 1781 totam
318 1751 404 1779 rem
428 1739 663 1779 absolutam
688 1738 936 1790 illorumque
963 1739 1214 1780 sententiam
1239 1752 1411 1791 prorsus
1432 1739 1543 1781 refu-

163 1818 297 1855 tatam
329 1825 420 1854 esse
451 1825 632 1854 censeas.
690 1813 781 1853 Hac
811 1813 939 1865 igitur
961 1813 1154 1866 opinione
1185 1815 1382 1855 convulsa
1403 1818 1544 1856 certae

165 1888 324 1929 cuidam
371 1888 502 1929 aetati
543 1892 753 1928 auctorem
792 1887 978 1928 Tabulae
1024 1888 1267 1929 conabimur
1312 1889 1543 1940 assignare.

165 1962 255 2012 Qua
287 1964 326 2003 in
363 1962 652 2013 disquisitione
674 1965 842 2013 propter
863 1962 1045 2003 auctoris
1067 1963 1387 2014 philosophandi
1418 1964 1546 2005 ratio-

166 2049 259 2078 nem
283 2036 335 2077 ad
360 2048 618 2077 communem
640 2036 970 2086 intellegentiam
993 2037 1349 2077 accommodatam
1383 2036 1547 2077 difficil—

166 2111 265 2151 lima
297 2110 459 2151 etiamsi
490 2109 613 2151 nobis
644 2122 725 2150 non
750 2110 966 2161 continget
987 2114 1033 2150 ut
1056 2122 1219 2151 omnem
1242 2110 1544 2152 dubitationem

167 2184 379 2235 tollamus,
432 2188 573 2226 tamen
619 2185 878 2235 aliquantum
925 2196 1000 2225 nos
1051 2184 1310 2236 profecturos
1361 2197 1548 2238 quaeque

169 2258 328 2310 aliquos
366 2258 552 2299 habeant
592 2258 902 2310 probabilitatis
940 2270 1133 2300 numeros
1176 2260 1414 2310 prolaturos
1459 2271 1550 2301 esse

169 2331 426 2373 confidimus.

286 2407 468 2447 Primum
503 2408 637 2447 (licam
670 2408 719 2448 de
751 2411 937 2448 veterum
970 2419 1076 2458 quae
1109 2412 1205 2449 sunt
1243 2409 1292 2449 de
1325 2408 1477 2449 Cebete
1509 2413 1552 2449 et

289 2587 321 2631 ¹)
349 2586 516 2633 Κέβητος
543 2588 675 2629 Πίναξ,
702 2587 833 2621 Oxford
861 2589 959 2621 1878.

262 2663 269 2673 -
291 2644 323 2688 ²)
352 2645 519 2678 Bursiani
544 2645 660 2678 annal.
689 2646 775 2678 1873
801 2644 834 2676 11
862 2655 895 2687 p.
925 2646 1023 2679 1299.

292 2700 324 2737 ³)
350 2701 393 2735 cf.
418 2702 612 2736 Baehrium
637 2703 671 2735 in
698 2701 821 2745 Paulyi
849 2702 1124 2746 encyclopaedia
1150 2713 1175 2736 s.
1202 2715 1230 2738 v.
1259 2703 1378 2738 Cebes.

1217 2761 1263 2802 1*
