1888 3170
839 184 1119 222 —gg—

298 294 504 345 logischer
534 292 699 335 Affekte
737 296 780 335 in
818 294 890 335 der
926 296 1119 346 spateren
1151 296 1482 338 Vasenmalerei“
1519 299 1664 339 talium

296 368 617 409 translationum
640 368 826 420 exempla
857 371 900 409 et
920 380 968 409 ex
999 370 1249 422 scriptorum
1280 370 1398 412 libris
1431 375 1473 412 et
1493 384 1541 413 ex
1563 373 1663 413 arti-

296 441 416 482 ficum
459 441 737 482 monumentis
780 441 1054 495 congessitl),
1097 443 1146 484 de
1187 444 1334 495 quibus
1376 456 1441 496 ea,
1479 457 1585 497 quae
1622 445 1665 486 in

297 514 455 556 Tabula
488 526 651 567 quoque
676 516 953 567 reperiuntur,
983 519 1126 568 paucis
1148 518 1442 569 perstringam.
1491 514 1662 572 Ἀπάτη

297 590 338 630 in
377 589 486 630 vasis
517 589 646 630 Darei
682 593 724 630 et
755 590 876 630 Terei
916 602 1022 643 quae
1059 595 1259 634 vocantur
1299 593 1467 634 obvenit
1499 592 1663 647 (Koert.

297 675 336 715 p.
368 666 420 704 46
454 666 494 703 et
521 662 607 714 48),
639 663 709 704 ubi
740 663 900 714 pariter
931 668 1057 716 atque
1088 665 1129 705 in
1161 666 1319 707 Tabula
1350 667 1666 719 interpretanda

298 741 362 778 est
405 736 518 778 fraus
558 749 641 777 non
682 749 756 789 per
787 737 912 778 alium
943 750 1191 791 quemquam
1231 739 1395 791 effecta,
1433 741 1504 782 sed
1534 742 1666 794 ipsius

297 811 477 852 hominis
510 811 784 862 perversitate
817 811 963 853 oborta
975 812 1019 863 2).
1071 813 1292 855 Praeterea
1314 809 1593 867 Εὐδαιμουία
1623 817 1666 858 in

298 887 410 926 vasis
454 885 632 926 occurrit
665 889 706 926 et
737 908 792 914 ——
824 887 858 928 si
889 891 1001 928 recte
1033 888 1208 930 coniecit
1240 889 1458 942 Helbigius
1490 914 1543 918 ——
1575 893 1668 932 Με-

298 956 464 1001 τάνοια.
540 959 600 1001 Cf.
639 960 782 1001 Koert.
827 974 865 1014 p.
905 966 958 1004 80
998 966 1039 1004 et
1078 966 1144 1004 88.
1219 963 1478 1016 Ceterarum,
1519 966 1669 1018 quibus

300 1034 461 1076 Tabula
492 1033 689 1086 abundat,
722 1036 1042 1078 translationum
1075 1038 1262 1089 exempla
1294 1038 1459 1079 aliunde
1491 1051 1573 1081 non
1605 1041 1668 1080 in-

301 1108 395 1149 veni
432 1109 570 1150 allata.
632 1109 775 1161 Neque
820 1111 971 1152 attinet
1010 1123 1227 1164 quaerere,
1273 1124 1473 1164 quosnam
1506 1114 1669 1156 Pinacis

301 1188 456 1234 auctor,
490 1195 580 1224 cum
604 1180 745 1236 δόξας,
778 1179 955 1238 ἡδονάς,
987 1185 1221 1239 ἐπιθυμίας
1241 1187 1421 1228 humana
1443 1189 1578 1241 specie
1607 1189 1670 1229 in-

301 1256 458 1309 dueret,
489 1258 646 1300 imitari
677 1260 871 1311 potuerit.
932 1260 1046 1302 Adeo
1084 1261 1193 1302 enim
1226 1261 1375 1303 Graeci
1415 1262 1672 1304 inclinabant

299 1332 342 1373 in
379 1333 578 1385 quidquid
621 1332 870 1375 offerebatur
912 1333 1092 1376 humana
1129 1335 1235 1376 facie
1279 1336 1581 1388 exornandum,
1624 1341 1671 1378 ut

301 1411 446 1448 auctor
477 1408 541 1449 vel
572 1408 744 1450 minima
785 1421 892 1450 nova
935 1410 1196 1461 excogitandi
1233 1409 1430 1452 facultate
1459 1411 1672 1463 praeditus

300 1480 422 1523 facile
453 1482 557 1523 talia
587 1482 795 1524 invenisse
826 1483 1126 1525 existimandus
1158 1485 1233 1535 sit,
1276 1484 1440 1526 etiamsi
1472 1486 1670 1537 exempla,

301 1568 407 1608 quae
429 1556 678 1610 imitaretur,
701 1562 866 1611 praesto
897 1571 978 1600 non
1002 1563 1152 1600 essent.
1205 1559 1431 1600 Declarant
1451 1560 1673 1611 allegoriae

301 1630 398 1672 illae
430 1643 454 1672 a
484 1631 681 1674 Koerteio
710 1637 947 1685 congestae,
979 1634 1022 1674 in
1054 1633 1204 1686 quibus
1234 1633 1502 1675 inveniuntur
1524 1634 1672 1687 Dithy-

300 1705 488 1757 rambus,
529 1705 696 1759 Comus,
731 1707 973 1760 Comoedia,
1006 1708 1256 1760 Tragoedia,
1289 1707 1393 1759 Pax,
1433 1709 1540 1750 aliae
1579 1721 1672 1761 per-

302 1781 476 1834 multae3
522 1782 704 1824 declarat
744 1783 994 1834 Apotheosis
1037 1783 1109 1824 illa
1149 1783 1321 1825 Homeri
1372 1784 1423 1825 ab
1470 1783 1672 1825 Archelao

418 1937 443 1979 1)
471 1936 522 1972 Cf.
547 1938 651 1972 etiam
676 1937 827 1972 Mueller
852 1937 989 1972 Handb.
1016 1937 1049 1973 d.
1075 1937 1239 1973 Archaol.
1265 1937 1284 1982 ἓ
1308 1939 1386 1972 406.

418 1995 443 2036 ²)
471 1994 522 2029 Cf.
547 2006 582 2039 p.
607 1997 661 2031 64.
706 1989 839 2039 Ἀπάτη
872 1996 931 2030 hic
963 1996 1080 2030 eadem
1120 2001 1171 2030 est
1207 2003 1315 2040 atque
1359 1996 1394 2030 in
1429 1996 1563 2040 Apellis
1601 1997 1674 2040 pic-

305 2059 402 2097 tura,
437 2053 497 2087 ubi
523 2052 711 2088 Koerteius
745 2052 820 2086 vult
854 2051 1011 2086 fraudem
1047 2053 1123 2096 (per
1147 2052 1255 2086 alium
1279 2052 1450 2095 effectam)
1474 2053 1675 2096 significari.

304 2111 393 2144 Mihi
418 2110 629 2145 Schmidtius
647 2110 751 2145 ethic.
769 2110 786 2143 I
803 2121 837 2154 p.
856 2111 919 2143 251
941 2110 1125 2154 persuasit,
1144 2110 1248 2144 etiam
1265 2109 1338 2144 illic
1355 2103 1503 2152 ἀπάτην
1519 2119 1675 2144 errorem

304 2177 380 2203 esse
406 2168 539 2203 homini
564 2168 721 2202 innatum
746 2167 801 2202 vel
826 2167 942 2202 divino
970 2167 1119 2210 quodam
1157 2167 1297 2200 numine
1330 2172 1474 2201 auctore
1500 2167 1673 2204 obortum.

304 2226 405 2260 Hanc
431 2226 625 2269 notionem,
662 2236 730 2269 qua
757 2219 882 2269 ἀπάτη
915 2224 1124 2259 vocabulum
1148 2235 1216 2259 non
1242 2224 1338 2258 valde
1364 2224 1481 2258 differt
1507 2224 1551 2258 ab
1577 2234 1676 2258 voca-

303 2282 387 2317 bulo
415 2282 507 2326 quod
542 2288 593 2318 est
618 2278 706 2326 όὶτη,
739 2282 929 2317 Koerteius
953 2282 1029 2317 vult
1061 2282 1130 2316 iam
1168 2282 1382 2324 tragicorum
1416 2281 1468 2316 illi
1498 2276 1623 2325 ἀπάτῃ
1654 2291 1676 2315 a.

305 2339 450 2374 Polluce
484 2349 541 2374 on.
566 2339 616 2373 IV
652 2340 714 2373 141
751 2343 1040 2373 commemoratae
1075 2337 1259 2373 subfuisse.
1310 2337 1408 2381 Quod
1443 2337 1562 2372 dubito
1593 2348 1675 2372 num

306 2398 392 2432 satis
427 2397 537 2432 firmis
574 2397 787 2440 argumentis
822 2397 965 2441 probari
996 2397 1116 2440 possit.
1164 2396 1218 2431 Eo
1253 2397 1344 2431 enim
1374 2396 1470 2439 loco,
1505 2406 1573 2439 quo
1598 2395 1677 2439 quis

305 2455 396 2489 hanc
421 2454 629 2489 sententiam
654 2454 789 2488 defendi
815 2453 1085 2497 existimaverit,
1119 2453 1243 2488 Aesch.
1268 2454 1363 2488 Pers.
1390 2454 1452 2495 93,
1475 2453 1676 2496 appositum

306 2516 359 2546 est
392 2511 480 2544 illud
513 2511 624 2546 θεοῦ.
671 2505 802 2554 Ἀποὲτη
838 2511 1047 2546 vocabulum
1081 2520 1144 2554 per
1178 2520 1215 2545 se
1249 2509 1361 2544 solum
1391 2510 1482 2543 hanc
1513 2509 1677 2543 habuisse

306 2567 594 2610 significationem
627 2578 718 2612 quae
752 2568 905 2612 probant
930 2567 1108 2611 exempla,
1133 2577 1173 2601 ea
1199 2567 1313 2601 omnia
1338 2576 1381 2600 ex
1421 2565 1676 2601 recentioribus

308 2623 540 2668 scriptoribus
556 2624 769 2668 afferuntur3
795 2625 1013 2668 tragicorum
1031 2623 1248 2668 temporibus
1265 2623 1358 2658 hunc
1375 2633 1474 2658 usum
1491 2621 1678 2657 invaluisse

307 2681 541 2716 demonstrari
565 2682 698 2726 nequit,
723 2682 765 2717 cf.
790 2692 825 2726 p.
852 2683 906 2716 64.
