1888 3170
700 214 736 219 —-
816 194 886 231 121
956 214 1004 219 —

164 306 463 348 inhaerentem.
528 308 584 349 At
614 319 703 347 cum
727 311 871 348 auctor
905 311 997 356 22st
1033 311 1078 346 ut
1099 306 1159 345 ita
1180 304 1312 345 dicam
1339 310 1536 356 quodam-

165 381 284 421 modo
325 382 525 422 exciderit
568 381 766 432 imagine,
809 394 889 421 non
932 385 995 421 est
1035 391 1106 421 cur
1139 391 1219 420 non
1252 378 1401 419 ceteris
1433 377 1534 419 locis

163 454 270 495 idem
303 453 459 496 factum
493 467 583 496 esse
615 460 863 496 statuamus.
926 454 1014 503 Quo
1056 465 1250 495 concesso
1282 464 1382 493 usus
1415 463 1534 493 voca-

165 528 248 568 buli
289 525 475 581 ὃύυαμις
505 529 575 580 qui
615 532 678 569 est
710 529 750 568 in
785 528 944 568 Tabula
984 541 1007 568 a
1039 528 1148 568 bona
1181 526 1422 568 Graecitate
1453 538 1534 567 non

162 601 359 643 abhorret
392 602 459 654 [cf.
492 602 596 643 Xen.
631 601 781 654 Cyl-up.
815 601 1012 651 8,8,14).

278 676 459 729 ἐγγίζει)
492 674 628 728 (35,1)
652 675 704 715 ab
726 675 1029 726 antiquioribus
1062 673 1241 715 alienum
1272 680 1347 715 est.
1410 674 1534 715 Jnve-

163 750 275 790 nitur
305 750 414 802 apud
436 749 666 802 Polybium,
701 749 941 798 Diodorum,
974 748 1147 789 Dionem
1177 748 1533 801 Chrysostomum,

161 823 443 874 Plutarchum,
475 822 602 872 LXX,
636 822 678 862 in
710 822 826 863 Novo
860 822 1137 863 Testamento.

275 899 470 945 εἰκαῖος
501 898 649 947 (123).
711 895 832 947 Soph.
873 895 923 935 fr.
959 898 1039 937 288
1076 896 1215 945 Dind.;
1255 896 1305 936 de
1344 896 1533 947 personis

161 985 240 1014 non
274 973 482 1013 invenitur
504 979 750 1022 usurpatum
775 970 851 1010 nisi
876 969 985 1021 apud
1009 970 1275 1021 recentiores,
1302 969 1532 1022 Polybium,

161 1047 386 1096 Philonem,
422 1044 702 1093 Plutarchum,
736 1044 980 1084 Lucianum.

274 1119 484 1161 ἐκποιεῖ
523 1119 626 1171 (3⁷4)
659 1132 709 1159 ex
743 1119 864 1171 Lysia
908 1118 1054 1159 attulit
1094 1118 1249 1159 Polluit.
1317 1118 1534 1158 Invenitur

158 1195 268 1246 apud
301 1194 612 1246 Hippocratem,
646 1193 832 1233 Teletem
866 1191 997 1243 (Stob.
1031 1192 1049 1231 Ι
1082 1205 1117 1244 p.
1153 1195 1227 1233 127
1263 1191 1423 1244 Mein),
1459 1192 1533 1232 Po-

162 1268 336 1321 lybium,
370 1268 651 1309 Plutarchum.
713 1267 937 1307 Praeterea
975 1266 1154 1307 occurrit
1185 1267 1225 1306 in
1259 1266 1533 1317 Theophrasti

158 1353 357 1394 responso
389 1354 412 1381 a
444 1341 627 1392 Diogene
662 1341 829 1381 Laertio
863 1344 953 1390 5‚41
991 1340 1159 1381 tradito.

273 1418 523 1463 ἔκπτωσις
555 1413 660 1467 (7,3)
690 1415 859 1455 obvenit
892 1414 1001 1465 apud
1030 1413 1258 1466 Polybium,
1297 1413 1531 1464 Diodorum,

157 1490 424 1539 Strabonem,
465 1489 755 1539 Plutarchum,
801 1489 870 1529 sed
913 1489 971 1529 ita
1006 1488 1157 1539 ubique
1191 1486 1442 1538 adhibitum,
1486 1491 1533 1528 ut

157 1565 480 1618 praepositionis
514 1565 627 1605 notio
661 1569 848 1605 servetur
878 1575 1012 1615 neque
1052 1562 1296 1614 simpliciter
1327 1563 1533 1610 ἔκπτωσις

157 1638 363 1693 significet
398 1639 682 1690 „calaiiiitas“.
699 1639 727 1690 ¹)

273 1716 498 1767 ἔμφασις
527 1715 632 1764 (1,3;
657 1711 784 1765 27,1).
838 1712 1163 1764 Antiquissimus
1194 1711 1316 1753 testis
1348 1717 1410 1752 est
1442 1711 1533 1751 Ari-

157 1788 340 1830 stoteles.
406 1790 596 1841 ἔμφασιν
617 1795 760 1828 ποιεῖν
782 1788 951 1840 primus,
985 1792 1186 1839 quantum
1209 1787 1374 1837 scimus,
1404 1787 1531 1838 scrip-

157 1864 211 1904 sit
244 1863 569 1914 Theophrastus,
604 1863 675 1903 sed
707 1863 784 1913 ita,
817 1866 864 1902 ut
895 1869 1005 1903 esset
1043 1862 1289 1913 „imaginem
1322 1860 1529 1902 efficere“.

158 1938 233 1987 Ea,
267 1949 372 1989 quae
398 1937 463 1977 hic
487 1937 661 1987 obtinet,
694 1937 902 1978 sententia
924 1937 1030 1977 hanc
1051 1936 1301 1977 locutionem
1334 1935 1533 1977 adhibent

156 2011 366 2064 Polybius,
400 2011 618 2052 Diodorus.
653 2011 912 2063 Plutarchus.

272 2080 602 2139 (εὖδαιμονικ
615 2082 636 2126 ό
649 2101 688 2137 ς,
713 2086 819 2137 quod
838 2085 915 2126 hoc
935 2085 1024 2126 loco
1048 2089 1346 2126 commemorat
1363 2084 1533 2125 Drosih-

159 2172 252 2209 nus,
285 2160 394 2212 apud
426 2160 641 2201 Platonem
675 2164 714 2200 et
748 2160 1065 2212 Xenophontem
1099 2159 1311 2210 occurrit.)

270 2228 465 2274 εὗεκτῶ
507 2235 640 2285 ῑῘ16,1)
685 2235 889 2286 reperitur
932 2233 1039 2286 apud
1078 2234 1253 2275 Dionem
1286 2232 1531 2286 Chrysosto-

156 2321 280 2359 inum,
313 2308 597 2350 Plutarchum.

273 2398 304 2437 1)
332 2397 429 2441 Quae
464 2398 673 2441 significatio
709 2398 759 2432 ita
796 2398 1006 2442 explicanda
1039 2404 1107 2442 est,
1139 2404 1177 2431 ut
1208 2397 1457 2441 subintellegas
1491 2394 1531 2431 ἐκ

155 2457 232 2489 τῶν
260 2450 430 2498 ἀγαθῶν,
449 2456 513 2499 vel,
539 2462 577 2490 ut
595 2456 705 2490 voluit
722 2456 1086 2499 Schweighaeuserus,
1104 2456 1144 2489 de
1162 2460 1258 2489 sorte
1276 2455 1418 2499 cogites,
1444 2466 1533 2499 quae

156 2513 263 2546 alicui
295 2512 441 2556 excidit,
467 2513 489 2546 i.
516 2524 545 2547 e.
577 2513 755 2556 contingit.
807 2513 973 2557 Polybius
1003 2518 1036 2546 et
1061 2512 1239 2547 Diodorus
1265 2513 1332 2548 hoc
1361 2513 1533 2547 vocabulo

159 2574 306 2603 utuntur
332 2569 374 2603 de
400 2569 525 2604 exsilio
559 2566 634 2614 ([ἐκ
659 2571 723 2614 τῆς
756 2566 891 2615 χώρας]
921 2567 1129 2613 ἔκπτωσις),
1161 2570 1327 2604 Manetho
1353 2570 1395 2603 (le
1422 2575 1532 2604 morte

157 2626 354 2669 (subintell.
383 2623 423 2660 ἐκ
450 2627 517 2660 τοῦ
545 2628 673 2672 βίον),
704 2627 832 2662 Strabo
872 2627 913 2661 de
944 2628 1188 2662 immutatione
1226 2628 1269 2662 ad
1307 2628 1407 2671 peius
1439 2627 1533 2663 facta

156 2683 208 2727 (p.
234 2685 318 2718 467:
345 2684 385 2717 εἴ
405 2697 458 2723 τις
485 2681 662 2724 ἔκπτωσις
686 2680 779 2727 πρὸς
805 2680 844 2717 τὸ
872 2688 997 2728 χεῖρον
1022 2682 1202 2730 γένηται).
