<?xml version="1.0" encoding="UTF-8"?>
<!DOCTYPE html PUBLIC "-//W3C//DTD XHTML 1.0 Transitional//EN"
    "http://www.w3.org/TR/xhtml1/DTD/xhtml1-transitional.dtd">
<html xmlns="http://www.w3.org/1999/xhtml" xml:lang="en" lang="en">
 <head>
  <title>
</title>
<meta http-equiv="Content-Type" content="text/html;charset=utf-8" />
  <meta name='ocr-system' content='tesseract 3.04.00' />
  <meta name='ocr-capabilities' content='ocr_page ocr_carea ocr_par ocr_line ocrx_word'/>
</head>
<body>
  <div class='ocr_page' id='page_1' title='image "./cebetistabulaqua00praeuoft_0022.png"; bbox 0 0 1888 3170; ppageno 0'>
   <div class='ocr_carea' id='block_1_1' title="bbox 851 195 1133 233">
    <p class='ocr_par' dir='ltr' id='par_1_1' title="bbox 851 195 1133 233">
     <span class='ocr_line' id='line_1_1' title="bbox 851 195 1133 233; baseline 0.004 -13"><span class='ocrx_word' id='word_1_1' title='bbox 851 195 1133 233; x_wconf 73' lang='lat'>-..14-</span> 
     </span>
    </p>
   </div>
   <div class='ocr_carea' id='block_1_2' title="bbox 307 303 1681 1323">
    <p class='ocr_par' dir='ltr' id='par_1_2' title="bbox 307 303 1679 1023">
     <span class='ocr_line' id='line_1_2' title="bbox 314 303 1679 362; baseline 0.005 -18"><span class='ocrx_word' id='word_1_2' title='bbox 314 303 502 344; x_wconf 82' lang='lat' dir='ltr'>nesciat‘?</span> <span class='ocrx_word' id='word_1_3' title='bbox 553 304 800 345; x_wconf 83' lang='lat' dir='ltr'>Rectissime</span> <span class='ocrx_word' id='word_1_4' title='bbox 822 304 1038 358; x_wconf 82' lang='lat' dir='ltr'>Wolfius1)</span> <span class='ocrx_word' id='word_1_5' title='bbox 1070 311 1212 348; x_wconf 86' lang='lat' dir='ltr'>monet</span> <span class='ocrx_word' id='word_1_6' title='bbox 1243 320 1295 348; x_wconf 92' lang='lat' dir='ltr'>ne</span> <span class='ocrx_word' id='word_1_7' title='bbox 1317 310 1568 351; x_wconf 81' lang='lat' dir='ltr'>recentiores</span> <span class='ocrx_word' id='word_1_8' title='bbox 1590 310 1679 362; x_wconf 90' lang='lat' dir='ltr'>qui-</span> 
     </span>
     <span class='ocr_line' id='line_1_3' title="bbox 309 377 1676 435; baseline 0.005 -18"><span class='ocrx_word' id='word_1_9' title='bbox 309 377 399 418; x_wconf 89' lang='lat' dir='ltr'>dem</span> <span class='ocrx_word' id='word_1_10' title='bbox 438 377 507 427; x_wconf 81' lang='lat' dir='ltr'>iis,</span> <span class='ocrx_word' id='word_1_11' title='bbox 545 389 651 428; x_wconf 87' lang='lat' dir='ltr'>quae</span> <span class='ocrx_word' id='word_1_12' title='bbox 682 378 954 420; x_wconf 78' lang='lat' dir='ltr'>Alexandrini</span> <span class='ocrx_word' id='word_1_13' title='bbox 985 379 1035 421; x_wconf 93' lang='lat' dir='ltr'>de</span> <span class='ocrx_word' id='word_1_14' title='bbox 1071 381 1189 421; x_wconf 87' lang='lat' dir='ltr'>libris</span> <span class='ocrx_word' id='word_1_15' title='bbox 1220 381 1413 431; x_wconf 81' lang='lat' dir='ltr'>genuinis</span> <span class='ocrx_word' id='word_1_16' title='bbox 1450 387 1491 423; x_wconf 90' lang='lat' dir='ltr'>et</span> <span class='ocrx_word' id='word_1_17' title='bbox 1528 395 1676 435; x_wconf 89' lang='lat' dir='ltr'>suppo—</span> 
     </span>
     <span class='ocr_line' id='line_1_4' title="bbox 309 450 1676 508; baseline 0.005 -18"><span class='ocrx_word' id='word_1_18' title='bbox 309 450 454 491; x_wconf 90' lang='lat' dir='ltr'>siticiis</span> <span class='ocrx_word' id='word_1_19' title='bbox 493 451 827 502; x_wconf 80' lang='lat' dir='ltr'>exploraverant,</span> <span class='ocrx_word' id='word_1_20' title='bbox 862 464 931 504; x_wconf 88' lang='lat' dir='ltr'>ea,</span> <span class='ocrx_word' id='word_1_21' title='bbox 969 465 1051 504; x_wconf 89' lang='lat' dir='ltr'>qua</span> <span class='ocrx_word' id='word_1_22' title='bbox 1090 465 1162 495; x_wconf 91' lang='lat' dir='ltr'>nos</span> <span class='ocrx_word' id='word_1_23' title='bbox 1193 466 1296 505; x_wconf 90' lang='lat' dir='ltr'>opus</span> <span class='ocrx_word' id='word_1_24' title='bbox 1328 466 1418 496; x_wconf 92' lang='lat' dir='ltr'>esse</span> <span class='ocrx_word' id='word_1_25' title='bbox 1450 467 1676 508; x_wconf 84' lang='lat' dir='ltr'>censemus,</span> 
     </span>
     <span class='ocr_line' id='line_1_5' title="bbox 309 526 1675 580; baseline 0.006 -17"><span class='ocrx_word' id='word_1_26' title='bbox 309 535 407 564; x_wconf 90' lang='lat' dir='ltr'>cura</span> <span class='ocrx_word' id='word_1_27' title='bbox 450 535 546 564; x_wconf 90' lang='lat' dir='ltr'>usos</span> <span class='ocrx_word' id='word_1_28' title='bbox 590 535 692 566; x_wconf 85' lang='lat' dir='ltr'>esse.</span> <span class='ocrx_word' id='word_1_29' title='bbox 766 526 913 577; x_wconf 87' lang='lat' dir='ltr'>Itaque</span> <span class='ocrx_word' id='word_1_30' title='bbox 956 527 1084 568; x_wconf 85' lang='lat' dir='ltr'>multo</span> <span class='ocrx_word' id='word_1_31' title='bbox 1126 529 1259 579; x_wconf 83' lang='lat' dir='ltr'>magis</span> <span class='ocrx_word' id='word_1_32' title='bbox 1303 540 1426 580; x_wconf 88' lang='lat' dir='ltr'>quam</span> <span class='ocrx_word' id='word_1_33' title='bbox 1469 530 1675 571; x_wconf 88' lang='lat' dir='ltr'>Lucianns</span> 
     </span>
     <span class='ocr_line' id='line_1_6' title="bbox 309 597 1676 654; baseline 0.007 -18"><span class='ocrx_word' id='word_1_34' title='bbox 309 597 537 637; x_wconf 88' lang='lat' dir='ltr'>audiendus</span> <span class='ocrx_word' id='word_1_35' title='bbox 560 602 624 638; x_wconf 91' lang='lat' dir='ltr'>est</span> <span class='ocrx_word' id='word_1_36' title='bbox 640 598 878 651; x_wconf 79' lang='lat' dir='ltr'>Panaetius,</span> <span class='ocrx_word' id='word_1_37' title='bbox 897 601 966 651; x_wconf 91' lang='lat' dir='ltr'>qui</span> <span class='ocrx_word' id='word_1_38' title='bbox 989 601 1259 653; x_wconf 81' lang='lat' dir='ltr'>philosophae</span> <span class='ocrx_word' id='word_1_39' title='bbox 1280 602 1482 643; x_wconf 88' lang='lat' dir='ltr'>historiae</span> <span class='ocrx_word' id='word_1_40' title='bbox 1504 615 1676 654; x_wconf 82' lang='lat' dir='ltr'>cognos-</span> 
     </span>
     <span class='ocr_line' id='line_1_7' title="bbox 310 671 1678 728; baseline 0.006 -19"><span class='ocrx_word' id='word_1_41' title='bbox 310 671 464 711; x_wconf 91' lang='lat' dir='ltr'>cendae</span> <span class='ocrx_word' id='word_1_42' title='bbox 500 671 869 714; x_wconf 85' lang='lat' dir='ltr'>studuerit—liber</span> <span class='ocrx_word' id='word_1_43' title='bbox 904 675 992 715; x_wconf 92' lang='lat' dir='ltr'>eius</span> <span class='ocrx_word' id='word_1_44' title='bbox 1024 674 1235 716; x_wconf 89' lang='lat' dir='ltr'>ferebatur</span> <span class='ocrx_word' id='word_1_45' title='bbox 1263 676 1312 716; x_wconf 93' lang='lat' dir='ltr'>de</span> <span class='ocrx_word' id='word_1_46' title='bbox 1341 676 1678 728; x_wconf 88' lang='lat' dir='ltr'>philosophorum</span> 
     </span>
     <span class='ocr_line' id='line_1_8' title="bbox 311 742 1678 801; baseline 0.007 -19"><span class='ocrx_word' id='word_1_47' title='bbox 311 742 480 784; x_wconf 89' lang='lat' dir='ltr'>familiis</span> <span class='ocrx_word' id='word_1_48' title='bbox 505 745 943 800; x_wconf 87' lang='lat' dir='ltr'>scriptus—cuiusque</span> <span class='ocrx_word' id='word_1_49' title='bbox 964 749 1055 799; x_wconf 85' lang='lat' dir='ltr'>plus</span> <span class='ocrx_word' id='word_1_50' title='bbox 1076 761 1200 800; x_wconf 87' lang='lat' dir='ltr'>quam</span> <span class='ocrx_word' id='word_1_51' title='bbox 1222 750 1393 791; x_wconf 90' lang='lat' dir='ltr'>Luciani</span> <span class='ocrx_word' id='word_1_52' title='bbox 1426 750 1678 801; x_wconf 82' lang='lat' dir='ltr'>interfuerit,</span> 
     </span>
     <span class='ocr_line' id='line_1_9' title="bbox 307 818 1678 873; baseline 0.007 -16"><span class='ocrx_word' id='word_1_53' title='bbox 307 828 414 868; x_wconf 89' lang='lat' dir='ltr'>quae</span> <span class='ocrx_word' id='word_1_54' title='bbox 435 818 582 869; x_wconf 88' lang='lat' dir='ltr'>cuique</span> <span class='ocrx_word' id='word_1_55' title='bbox 603 819 853 861; x_wconf 85' lang='lat' dir='ltr'>deberentur</span> <span class='ocrx_word' id='word_1_56' title='bbox 875 822 1028 873; x_wconf 88' lang='lat' dir='ltr'>scripta</span> <span class='ocrx_word' id='word_1_57' title='bbox 1050 823 1343 865; x_wconf 85' lang='lat' dir='ltr'>internoscere.</span> <span class='ocrx_word' id='word_1_58' title='bbox 1393 824 1515 865; x_wconf 91' lang='lat' dir='ltr'>Hunc</span> <span class='ocrx_word' id='word_1_59' title='bbox 1537 829 1678 866; x_wconf 86' lang='lat' dir='ltr'>autem</span> 
     </span>
     <span class='ocr_line' id='line_1_10' title="bbox 307 891 1678 950; baseline 0.005 -19"><span class='ocrx_word' id='word_1_60' title='bbox 307 891 516 942; x_wconf 82' lang='lat' dir='ltr'>Diogenes</span> <span class='ocrx_word' id='word_1_61' title='bbox 555 905 602 934; x_wconf 92' lang='lat' dir='ltr'>eo</span> <span class='ocrx_word' id='word_1_62' title='bbox 633 893 742 945; x_wconf 91' lang='lat' dir='ltr'>loco,</span> <span class='ocrx_word' id='word_1_63' title='bbox 785 907 904 946; x_wconf 79' lang='lat' dir='ltr'>quen]</span> <span class='ocrx_word' id='word_1_64' title='bbox 949 908 1076 948; x_wconf 89' lang='lat' dir='ltr'>supra</span> <span class='ocrx_word' id='word_1_65' title='bbox 1122 897 1176 949; x_wconf 88' lang='lat' dir='ltr'>(p.</span> <span class='ocrx_word' id='word_1_66' title='bbox 1216 900 1283 947; x_wconf 81' lang='lat'>10)</span> <span class='ocrx_word' id='word_1_67' title='bbox 1313 900 1535 950; x_wconf 78' lang='lat' dir='ltr'>exscripsi,</span> <span class='ocrx_word' id='word_1_68' title='bbox 1579 899 1678 940; x_wconf 88' lang='lat' dir='ltr'>dicit</span> 
     </span>
     <span class='ocr_line' id='line_1_11' title="bbox 309 964 1371 1023; baseline 0.008 -18"><span class='ocrx_word' id='word_1_69' title='bbox 309 964 473 1006; x_wconf 90' lang='lat' dir='ltr'>Cebetis</span> <span class='ocrx_word' id='word_1_70' title='bbox 507 966 709 1008; x_wconf 82' lang='lat' dir='ltr'>Socratici</span> <span class='ocrx_word' id='word_1_71' title='bbox 741 969 945 1010; x_wconf 80' lang='lat' dir='ltr'>Tabulam</span> <span class='ocrx_word' id='word_1_72' title='bbox 978 983 1059 1011; x_wconf 89' lang='lat' dir='ltr'>non</span> <span class='ocrx_word' id='word_1_73' title='bbox 1092 971 1371 1023; x_wconf 83' lang='lat' dir='ltr'>agnovisse2).</span> 
     </span>
    </p>

    <p class='ocr_par' dir='ltr' id='par_1_3' title="bbox 307 1041 1681 1323">
     <span class='ocr_line' id='line_1_12' title="bbox 422 1041 1680 1098; baseline 0.005 -16"><span class='ocrx_word' id='word_1_74' title='bbox 422 1041 486 1084; x_wconf 81' lang='lat' dir='ltr'>Ex</span> <span class='ocrx_word' id='word_1_75' title='bbox 509 1042 572 1083; x_wconf 90' lang='lat' dir='ltr'>his</span> <span class='ocrx_word' id='word_1_76' title='bbox 594 1042 853 1095; x_wconf 80' lang='lat' dir='ltr'>intellegitur</span> <span class='ocrx_word' id='word_1_77' title='bbox 875 1044 1074 1096; x_wconf 81' lang='lat' dir='ltr'>Tabulae,</span> <span class='ocrx_word' id='word_1_78' title='bbox 1108 1058 1215 1098; x_wconf 87' lang='lat' dir='ltr'>quae</span> <span class='ocrx_word' id='word_1_79' title='bbox 1238 1050 1407 1087; x_wconf 87' lang='lat' dir='ltr'>exstant</span> <span class='ocrx_word' id='word_1_80' title='bbox 1429 1047 1538 1098; x_wconf 90' lang='lat' dir='ltr'>apud</span> <span class='ocrx_word' id='word_1_81' title='bbox 1570 1051 1680 1088; x_wconf 90' lang='lat' dir='ltr'>vete-</span> 
     </span>
     <span class='ocr_line' id='line_1_13' title="bbox 307 1118 1678 1172; baseline 0.004 -16"><span class='ocrx_word' id='word_1_82' title='bbox 307 1128 372 1157; x_wconf 89' lang='lat' dir='ltr'>res</span> <span class='ocrx_word' id='word_1_83' title='bbox 394 1118 636 1170; x_wconf 84' lang='lat' dir='ltr'>scriptores,</span> <span class='ocrx_word' id='word_1_84' title='bbox 668 1119 848 1171; x_wconf 82' lang='lat' dir='ltr'>vestigia</span> <span class='ocrx_word' id='word_1_85' title='bbox 886 1121 1085 1161; x_wconf 88' lang='lat' dir='ltr'>eiusmodi</span> <span class='ocrx_word' id='word_1_86' title='bbox 1116 1132 1217 1171; x_wconf 87' lang='lat' dir='ltr'>esse,</span> <span class='ocrx_word' id='word_1_87' title='bbox 1250 1126 1314 1172; x_wconf 89' lang='lat' dir='ltr'>ut,</span> <span class='ocrx_word' id='word_1_88' title='bbox 1348 1122 1383 1162; x_wconf 89' lang='lat' dir='ltr'>si</span> <span class='ocrx_word' id='word_1_89' title='bbox 1413 1122 1598 1162; x_wconf 88' lang='lat' dir='ltr'>rationes</span> <span class='ocrx_word' id='word_1_90' title='bbox 1629 1134 1678 1162; x_wconf 81' lang='lat' dir='ltr'>ex</span> 
     </span>
     <span class='ocr_line' id='line_1_14' title="bbox 307 1191 1680 1248; baseline 0.005 -18"><span class='ocrx_word' id='word_1_91' title='bbox 307 1191 438 1242; x_wconf 89' lang='lat' dir='ltr'>ipsius</span> <span class='ocrx_word' id='word_1_92' title='bbox 471 1191 568 1232; x_wconf 87' lang='lat' dir='ltr'>libri</span> <span class='ocrx_word' id='word_1_93' title='bbox 599 1193 840 1235; x_wconf 87' lang='lat' dir='ltr'>condicione</span> <span class='ocrx_word' id='word_1_94' title='bbox 866 1195 1021 1246; x_wconf 85' lang='lat' dir='ltr'>petitae</span> <span class='ocrx_word' id='word_1_95' title='bbox 1044 1207 1118 1236; x_wconf 90' lang='lat' dir='ltr'>nos</span> <span class='ocrx_word' id='word_1_96' title='bbox 1146 1196 1364 1247; x_wconf 81' lang='lat' dir='ltr'>impellant</span> <span class='ocrx_word' id='word_1_97' title='bbox 1386 1196 1437 1237; x_wconf 88' lang='lat' dir='ltr'>ad</span> <span class='ocrx_word' id='word_1_98' title='bbox 1459 1197 1680 1248; x_wconf 88' lang='lat' dir='ltr'>posteriori</span> 
     </span>
     <span class='ocr_line' id='line_1_15' title="bbox 307 1266 1681 1323; baseline 0.005 -18"><span class='ocrx_word' id='word_1_99' title='bbox 307 1266 439 1306; x_wconf 87' lang='lat' dir='ltr'>aetati</span> <span class='ocrx_word' id='word_1_100' title='bbox 476 1266 670 1308; x_wconf 86' lang='lat' dir='ltr'>Pinacem</span> <span class='ocrx_word' id='word_1_101' title='bbox 705 1268 1018 1320; x_wconf 83' lang='lat' dir='ltr'>assignandum,</span> <span class='ocrx_word' id='word_1_102' title='bbox 1052 1271 1118 1310; x_wconf 83' lang='lat' dir='ltr'>vix</span> <span class='ocrx_word' id='word_1_103' title='bbox 1150 1270 1236 1310; x_wconf 87' lang='lat' dir='ltr'>ulla</span> <span class='ocrx_word' id='word_1_104' title='bbox 1268 1272 1520 1312; x_wconf 87' lang='lat' dir='ltr'>auctoritate</span> <span class='ocrx_word' id='word_1_105' title='bbox 1553 1272 1681 1323; x_wconf 88' lang='lat' dir='ltr'>impe-</span> 
     </span>
    </p>
   </div>
   <div class='ocr_carea' id='block_1_3' title="bbox 305 1356 1682 2257">
    <p class='ocr_par' dir='ltr' id='par_1_4' title="bbox 422 1356 1107 1400">
     <span class='ocr_line' id='line_1_16' title="bbox 422 1356 1107 1400; baseline 0.004 -11"><span class='ocrx_word' id='word_1_106' title='bbox 422 1356 453 1397; x_wconf 73' lang='lat'>¹]</span> <span class='ocrx_word' id='word_1_107' title='bbox 481 1357 617 1400; x_wconf 84' lang='lat' dir='ltr'>Proleg.</span> <span class='ocrx_word' id='word_1_108' title='bbox 644 1358 689 1391; x_wconf 88' lang='lat' dir='ltr'>ad</span> <span class='ocrx_word' id='word_1_109' title='bbox 714 1358 816 1392; x_wconf 90' lang='lat' dir='ltr'>Hom.</span> <span class='ocrx_word' id='word_1_110' title='bbox 844 1359 932 1392; x_wconf 88' lang='lat' dir='ltr'>XIII</span> <span class='ocrx_word' id='word_1_111' title='bbox 958 1365 1028 1393; x_wconf 89' lang='lat' dir='ltr'>not.</span> <span class='ocrx_word' id='word_1_112' title='bbox 1056 1361 1107 1393; x_wconf 86' lang='lat'>12.</span> 
     </span>
    </p>

    <p class='ocr_par' dir='ltr' id='par_1_5' title="bbox 305 1413 1682 2257">
     <span class='ocr_line' id='line_1_17' title="bbox 421 1413 1681 1461; baseline 0.004 -15"><span class='ocrx_word' id='word_1_113' title='bbox 421 1413 454 1455; x_wconf 70' lang='lat'>²]</span> <span class='ocrx_word' id='word_1_114' title='bbox 483 1414 678 1448; x_wconf 86' lang='lat' dir='ltr'>Drosihnus</span> <span class='ocrx_word' id='word_1_115' title='bbox 704 1415 1015 1450; x_wconf 89' lang='lat' dir='ltr'>Pseudo-Platonis</span> <span class='ocrx_word' id='word_1_116' title='bbox 1041 1426 1095 1459; x_wconf 89' lang='lat' dir='ltr'>ep.</span> <span class='ocrx_word' id='word_1_117' title='bbox 1114 1417 1202 1450; x_wconf 85' lang='lat' dir='ltr'>XIII</span> <span class='ocrx_word' id='word_1_118' title='bbox 1227 1428 1261 1461; x_wconf 88' lang='lat' dir='ltr'>p.</span> <span class='ocrx_word' id='word_1_119' title='bbox 1280 1419 1375 1452; x_wconf 81' lang='lat' dir='ltr'>363a</span> <span class='ocrx_word' id='word_1_120' title='bbox 1401 1418 1497 1451; x_wconf 88' lang='lat' dir='ltr'>nisus</span> <span class='ocrx_word' id='word_1_121' title='bbox 1521 1427 1558 1451; x_wconf 90' lang='lat' dir='ltr'>se</span> <span class='ocrx_word' id='word_1_122' title='bbox 1582 1418 1681 1451; x_wconf 85' lang='lat' dir='ltr'>dubi·</span> 
     </span>
     <span class='ocr_line' id='line_1_18' title="bbox 305 1469 1677 1518; baseline 0.004 -17"><span class='ocrx_word' id='word_1_123' title='bbox 305 1474 382 1502; x_wconf 88' lang='lat' dir='ltr'>tare</span> <span class='ocrx_word' id='word_1_124' title='bbox 417 1469 622 1513; x_wconf 87' lang='lat' dir='ltr'>profitetur,</span> <span class='ocrx_word' id='word_1_125' title='bbox 656 1482 737 1504; x_wconf 88' lang='lat' dir='ltr'>num</span> <span class='ocrx_word' id='word_1_126' title='bbox 775 1472 914 1506; x_wconf 89' lang='lat' dir='ltr'>Cebetis</span> <span class='ocrx_word' id='word_1_127' title='bbox 945 1473 1112 1507; x_wconf 86' lang='lat' dir='ltr'>Socratici</span> <span class='ocrx_word' id='word_1_128' title='bbox 1143 1474 1211 1508; x_wconf 86' lang='lat' dir='ltr'>hoc</span> <span class='ocrx_word' id='word_1_129' title='bbox 1244 1485 1332 1518; x_wconf 91' lang='lat' dir='ltr'>opus</span> <span class='ocrx_word' id='word_1_130' title='bbox 1364 1476 1410 1509; x_wconf 88' lang='lat' dir='ltr'>sit</span> <span class='ocrx_word' id='word_1_131' title='bbox 1447 1474 1677 1508; x_wconf 88' lang='lat' dir='ltr'>iudicandum.</span> 
     </span>
     <span class='ocr_line' id='line_1_19' title="bbox 306 1526 1681 1574; baseline 0.005 -16"><span class='ocrx_word' id='word_1_132' title='bbox 306 1526 436 1560; x_wconf 85' lang='lat' dir='ltr'>Omitto</span> <span class='ocrx_word' id='word_1_133' title='bbox 471 1527 539 1562; x_wconf 88' lang='lat' dir='ltr'>hoc</span> <span class='ocrx_word' id='word_1_134' title='bbox 570 1528 649 1562; x_wconf 89' lang='lat' dir='ltr'>loco</span> <span class='ocrx_word' id='word_1_135' title='bbox 681 1539 851 1572; x_wconf 86' lang='lat' dir='ltr'>quaerere</span> <span class='ocrx_word' id='word_1_136' title='bbox 882 1530 923 1564; x_wconf 88' lang='lat' dir='ltr'>de</span> <span class='ocrx_word' id='word_1_137' title='bbox 954 1531 1050 1565; x_wconf 89' lang='lat' dir='ltr'>illius</span> <span class='ocrx_word' id='word_1_138' title='bbox 1083 1532 1257 1574; x_wconf 86' lang='lat' dir='ltr'>epistulae</span> <span class='ocrx_word' id='word_1_139' title='bbox 1282 1532 1493 1566; x_wconf 89' lang='lat' dir='ltr'>auctoritate</span> <span class='ocrx_word' id='word_1_140' title='bbox 1518 1532 1606 1565; x_wconf 90' lang='lat' dir='ltr'>illud</span> <span class='ocrx_word' id='word_1_141' title='bbox 1632 1532 1681 1565; x_wconf 91' lang='lat' dir='ltr'>di-</span> 
     </span>
     <span class='ocr_line' id='line_1_20' title="bbox 306 1584 1682 1632; baseline 0.004 -16"><span class='ocrx_word' id='word_1_142' title='bbox 306 1593 396 1626; x_wconf 84' lang='lat' dir='ltr'>cam,</span> <span class='ocrx_word' id='word_1_143' title='bbox 432 1586 461 1615; x_wconf 79' lang='lat' dir='ltr'>si</span> <span class='ocrx_word' id='word_1_144' title='bbox 485 1584 585 1618; x_wconf 89' lang='lat' dir='ltr'>modo</span> <span class='ocrx_word' id='word_1_145' title='bbox 611 1585 920 1620; x_wconf 88' lang='lat' dir='ltr'>Pseudo-Platoni</span> <span class='ocrx_word' id='word_1_146' title='bbox 946 1587 998 1620; x_wconf 89' lang='lat' dir='ltr'>illi</span> <span class='ocrx_word' id='word_1_147' title='bbox 1023 1587 1107 1621; x_wconf 88' lang='lat' dir='ltr'>fides</span> <span class='ocrx_word' id='word_1_148' title='bbox 1132 1588 1176 1621; x_wconf 88' lang='lat' dir='ltr'>sit</span> <span class='ocrx_word' id='word_1_149' title='bbox 1203 1588 1429 1632; x_wconf 79' lang='lat' dir='ltr'>adiungenda,</span> <span class='ocrx_word' id='word_1_150' title='bbox 1461 1589 1562 1631; x_wconf 82' lang='lat' dir='ltr'>longe</span> <span class='ocrx_word' id='word_1_151' title='bbox 1587 1588 1682 1622; x_wconf 86' lang='lat' dir='ltr'>aliud</span> 
     </span>
     <span class='ocr_line' id='line_1_21' title="bbox 305 1640 1680 1686; baseline 0.004 -13"><span class='ocrx_word' id='word_1_152' title='bbox 305 1645 411 1682; x_wconf 78' lang='lat' dir='ltr'>atque</span> <span class='ocrx_word' id='word_1_153' title='bbox 443 1640 638 1676; x_wconf 86' lang='lat' dir='ltr'>Drosihnus</span> <span class='ocrx_word' id='word_1_154' title='bbox 669 1643 763 1685; x_wconf 71' lang='lat' dir='ltr'>vult,</span> <span class='ocrx_word' id='word_1_155' title='bbox 794 1643 859 1676; x_wconf 90' lang='lat' dir='ltr'>hac</span> <span class='ocrx_word' id='word_1_156' title='bbox 891 1644 1043 1686; x_wconf 86' lang='lat' dir='ltr'>epistula</span> <span class='ocrx_word' id='word_1_157' title='bbox 1075 1644 1160 1678; x_wconf 89' lang='lat' dir='ltr'>mihi</span> <span class='ocrx_word' id='word_1_158' title='bbox 1193 1645 1302 1679; x_wconf 80' lang='lat' dir='ltr'>videri</span> <span class='ocrx_word' id='word_1_159' title='bbox 1335 1646 1456 1679; x_wconf 75' lang='lat' dir='ltr'>evinci.</span> <span class='ocrx_word' id='word_1_160' title='bbox 1505 1645 1559 1678; x_wconf 86' lang='lat' dir='ltr'>Ea</span> <span class='ocrx_word' id='word_1_161' title='bbox 1591 1645 1680 1679; x_wconf 89' lang='lat' dir='ltr'>enim</span> 
     </span>
     <span class='ocr_line' id='line_1_22' title="bbox 306 1699 1681 1745; baseline 0.004 -15"><span class='ocrx_word' id='word_1_162' title='bbox 306 1707 348 1730; x_wconf 79' lang='lat' dir='ltr'>ex</span> <span class='ocrx_word' id='word_1_163' title='bbox 380 1707 435 1742; x_wconf 89' lang='lat' dir='ltr'>re,</span> <span class='ocrx_word' id='word_1_164' title='bbox 473 1699 566 1742; x_wconf 87' lang='lat' dir='ltr'>quod</span> <span class='ocrx_word' id='word_1_165' title='bbox 598 1705 723 1734; x_wconf 86' lang='lat' dir='ltr'>auctor</span> <span class='ocrx_word' id='word_1_166' title='bbox 765 1711 807 1734; x_wconf 91' lang='lat' dir='ltr'>ne</span> <span class='ocrx_word' id='word_1_167' title='bbox 840 1701 947 1735; x_wconf 73' lang='lat' dir='ltr'>verbo</span> <span class='ocrx_word' id='word_1_168' title='bbox 983 1702 1123 1745; x_wconf 88' lang='lat' dir='ltr'>quidem</span> <span class='ocrx_word' id='word_1_169' title='bbox 1161 1703 1301 1745; x_wconf 85' lang='lat' dir='ltr'>attingit</span> <span class='ocrx_word' id='word_1_170' title='bbox 1337 1702 1468 1736; x_wconf 86' lang='lat' dir='ltr'>librum</span> <span class='ocrx_word' id='word_1_171' title='bbox 1511 1702 1605 1736; x_wconf 88' lang='lat' dir='ltr'>illius</span> <span class='ocrx_word' id='word_1_172' title='bbox 1640 1702 1681 1736; x_wconf 92' lang='lat' dir='ltr'>de</span> 
     </span>
     <span class='ocr_line' id='line_1_23' title="bbox 306 1755 1680 1800; baseline 0.004 -13"><span class='ocrx_word' id='word_1_173' title='bbox 306 1755 531 1798; x_wconf 87' lang='lat' dir='ltr'>philosophia</span> <span class='ocrx_word' id='word_1_174' title='bbox 555 1757 742 1799; x_wconf 88' lang='lat' dir='ltr'>scriptum,</span> <span class='ocrx_word' id='word_1_175' title='bbox 767 1757 966 1792; x_wconf 83' lang='lat' dir='ltr'>Drosihnus</span> <span class='ocrx_word' id='word_1_176' title='bbox 991 1758 1124 1800; x_wconf 83' lang='lat' dir='ltr'>colligit</span> <span class='ocrx_word' id='word_1_177' title='bbox 1156 1759 1290 1792; x_wconf 89' lang='lat' dir='ltr'>nullum</span> <span class='ocrx_word' id='word_1_178' title='bbox 1316 1760 1484 1793; x_wconf 90' lang='lat' dir='ltr'>eiusmodi</span> <span class='ocrx_word' id='word_1_179' title='bbox 1511 1759 1680 1793; x_wconf 84' lang='lat' dir='ltr'>Socratici</span> 
     </span>
     <span class='ocr_line' id='line_1_24' title="bbox 307 1811 1681 1859; baseline 0.002 -14"><span class='ocrx_word' id='word_1_180' title='bbox 307 1811 443 1846; x_wconf 85' lang='lat' dir='ltr'>Cebetis</span> <span class='ocrx_word' id='word_1_181' title='bbox 481 1824 568 1856; x_wconf 87' lang='lat' dir='ltr'>opus</span> <span class='ocrx_word' id='word_1_182' title='bbox 604 1814 788 1848; x_wconf 71' lang='lat' dir='ltr'>exstitisse.</span> <span class='ocrx_word' id='word_1_183' title='bbox 837 1816 883 1848; x_wconf 90' lang='lat' dir='ltr'>At</span> <span class='ocrx_word' id='word_1_184' title='bbox 920 1815 988 1848; x_wconf 91' lang='lat' dir='ltr'>hoc</span> <span class='ocrx_word' id='word_1_185' title='bbox 1027 1825 1097 1848; x_wconf 89' lang='lat' dir='ltr'>non</span> <span class='ocrx_word' id='word_1_186' title='bbox 1129 1821 1245 1858; x_wconf 87' lang='lat' dir='ltr'>potest</span> <span class='ocrx_word' id='word_1_187' title='bbox 1279 1816 1439 1859; x_wconf 78' lang='lat' dir='ltr'>concedi,</span> <span class='ocrx_word' id='word_1_188' title='bbox 1478 1816 1543 1850; x_wconf 88' lang='lat' dir='ltr'>nisi</span> <span class='ocrx_word' id='word_1_189' title='bbox 1579 1816 1681 1858; x_wconf 91' lang='lat' dir='ltr'>ponis</span> 
     </span>
     <span class='ocr_line' id='line_1_25' title="bbox 305 1870 1681 1914; baseline 0.004 -13"><span class='ocrx_word' id='word_1_190' title='bbox 305 1874 482 1902; x_wconf 82' lang='lat' dir='ltr'>auctorem</span> <span class='ocrx_word' id='word_1_191' title='bbox 516 1870 604 1904; x_wconf 81' lang='lat' dir='ltr'>velle</span> <span class='ocrx_word' id='word_1_192' title='bbox 630 1876 790 1913; x_wconf 85' lang='lat' dir='ltr'>tempore</span> <span class='ocrx_word' id='word_1_193' title='bbox 825 1872 920 1905; x_wconf 89' lang='lat' dir='ltr'>illius</span> <span class='ocrx_word' id='word_1_194' title='bbox 955 1872 1128 1914; x_wconf 84' lang='lat' dir='ltr'>epistulae</span> <span class='ocrx_word' id='word_1_195' title='bbox 1164 1872 1326 1906; x_wconf 85' lang='lat' dir='ltr'>Cebetem</span> <span class='ocrx_word' id='word_1_196' title='bbox 1353 1877 1529 1906; x_wconf 89' lang='lat' dir='ltr'>mortuum</span> <span class='ocrx_word' id='word_1_197' title='bbox 1563 1872 1681 1909; x_wconf 91' lang='lat' dir='ltr'>fuisse.</span> 
     </span>
     <span class='ocr_line' id='line_1_26' title="bbox 306 1926 1682 1972; baseline 0.003 -14"><span class='ocrx_word' id='word_1_198' title='bbox 306 1926 406 1959; x_wconf 84' lang='lat' dir='ltr'>Unde</span> <span class='ocrx_word' id='word_1_199' title='bbox 431 1927 520 1960; x_wconf 88' lang='lat' dir='ltr'>enim</span> <span class='ocrx_word' id='word_1_200' title='bbox 552 1928 689 1969; x_wconf 86' lang='lat' dir='ltr'>scimus,</span> <span class='ocrx_word' id='word_1_201' title='bbox 717 1928 890 1962; x_wconf 86' lang='lat' dir='ltr'>Tabulam</span> <span class='ocrx_word' id='word_1_202' title='bbox 915 1934 1038 1971; x_wconf 87' lang='lat' dir='ltr'>postea</span> <span class='ocrx_word' id='word_1_203' title='bbox 1068 1930 1240 1963; x_wconf 88' lang='lat' dir='ltr'>conscribi</span> <span class='ocrx_word' id='word_1_204' title='bbox 1266 1940 1335 1962; x_wconf 89' lang='lat' dir='ltr'>non</span> <span class='ocrx_word' id='word_1_205' title='bbox 1360 1929 1543 1972; x_wconf 81' lang='lat' dir='ltr'>potuisse?</span> <span class='ocrx_word' id='word_1_206' title='bbox 1578 1930 1682 1963; x_wconf 92' lang='lat' dir='ltr'>Cuius</span> 
     </span>
     <span class='ocr_line' id='line_1_27' title="bbox 306 1983 1681 2028; baseline 0.002 -14"><span class='ocrx_word' id='word_1_207' title='bbox 306 1983 357 2016; x_wconf 83' lang='lat' dir='ltr'>rei</span> <span class='ocrx_word' id='word_1_208' title='bbox 394 1989 516 2017; x_wconf 82' lang='lat' dir='ltr'>auctor</span> <span class='ocrx_word' id='word_1_209' title='bbox 559 1984 652 2018; x_wconf 88' lang='lat' dir='ltr'>illius</span> <span class='ocrx_word' id='word_1_210' title='bbox 697 1985 868 2028; x_wconf 78' lang='lat' dir='ltr'>epistulae</span> <span class='ocrx_word' id='word_1_211' title='bbox 911 1986 1078 2028; x_wconf 86' lang='lat' dir='ltr'>perfacile</span> <span class='ocrx_word' id='word_1_212' title='bbox 1114 1987 1231 2028; x_wconf 89' lang='lat' dir='ltr'>potuit</span> <span class='ocrx_word' id='word_1_213' title='bbox 1267 1986 1425 2019; x_wconf 82' lang='lat' dir='ltr'>notitiam</span> <span class='ocrx_word' id='word_1_214' title='bbox 1461 1986 1609 2028; x_wconf 84' lang='lat' dir='ltr'>habere,</span> <span class='ocrx_word' id='word_1_215' title='bbox 1653 1986 1681 2018; x_wconf 90' lang='lat' dir='ltr'>si</span> 
     </span>
     <span class='ocr_line' id='line_1_28' title="bbox 306 2041 1681 2086; baseline 0.003 -14"><span class='ocrx_word' id='word_1_216' title='bbox 306 2050 382 2073; x_wconf 87' lang='lat' dir='ltr'>cum</span> <span class='ocrx_word' id='word_1_217' title='bbox 411 2041 587 2075; x_wconf 88' lang='lat' dir='ltr'>Drosihno</span> <span class='ocrx_word' id='word_1_218' title='bbox 614 2052 691 2075; x_wconf 86' lang='lat' dir='ltr'>eum</span> <span class='ocrx_word' id='word_1_219' title='bbox 719 2042 874 2077; x_wconf 87' lang='lat' dir='ltr'>Platonis</span> <span class='ocrx_word' id='word_1_220' title='bbox 909 2043 1119 2086; x_wconf 89' lang='lat' dir='ltr'>discipulum</span> <span class='ocrx_word' id='word_1_221' title='bbox 1146 2044 1252 2078; x_wconf 87' lang='lat' dir='ltr'>fuisse</span> <span class='ocrx_word' id='word_1_222' title='bbox 1277 2044 1417 2077; x_wconf 85' lang='lat' dir='ltr'>statuis.</span> <span class='ocrx_word' id='word_1_223' title='bbox 1468 2044 1519 2076; x_wconf 93' lang='lat' dir='ltr'>De</span> <span class='ocrx_word' id='word_1_224' title='bbox 1544 2048 1681 2077; x_wconf 87' lang='lat' dir='ltr'>mortuo</span> 
     </span>
     <span class='ocr_line' id='line_1_29' title="bbox 308 2098 1682 2142; baseline 0.003 -12"><span class='ocrx_word' id='word_1_225' title='bbox 308 2103 425 2131; x_wconf 87' lang='lat' dir='ltr'>autem</span> <span class='ocrx_word' id='word_1_226' title='bbox 445 2098 572 2132; x_wconf 78' lang='lat' dir='ltr'>Cebete</span> <span class='ocrx_word' id='word_1_227' title='bbox 597 2099 657 2132; x_wconf 91' lang='lat' dir='ltr'>illo</span> <span class='ocrx_word' id='word_1_228' title='bbox 684 2100 760 2133; x_wconf 89' lang='lat' dir='ltr'>loco</span> <span class='ocrx_word' id='word_1_229' title='bbox 788 2099 855 2133; x_wconf 88' lang='lat' dir='ltr'>dici</span> <span class='ocrx_word' id='word_1_230' title='bbox 878 2100 965 2135; x_wconf 88' lang='lat' dir='ltr'>adeo</span> <span class='ocrx_word' id='word_1_231' title='bbox 991 2111 1059 2134; x_wconf 90' lang='lat' dir='ltr'>non</span> <span class='ocrx_word' id='word_1_232' title='bbox 1085 2106 1138 2134; x_wconf 89' lang='lat' dir='ltr'>est</span> <span class='ocrx_word' id='word_1_233' title='bbox 1163 2112 1224 2134; x_wconf 88' lang='lat' dir='ltr'>cur</span> <span class='ocrx_word' id='word_1_234' title='bbox 1250 2106 1456 2142; x_wconf 82' lang='lat' dir='ltr'>statuamus,</span> <span class='ocrx_word' id='word_1_235' title='bbox 1493 2106 1531 2134; x_wconf 90' lang='lat' dir='ltr'>ut</span> <span class='ocrx_word' id='word_1_236' title='bbox 1556 2106 1682 2134; x_wconf 86' lang='lat' dir='ltr'>contra</span> 
     </span>
     <span class='ocr_line' id='line_1_30' title="bbox 306 2154 1682 2200; baseline 0.002 -13"><span class='ocrx_word' id='word_1_237' title='bbox 306 2154 365 2187; x_wconf 87' lang='lat' dir='ltr'>illa</span> <span class='ocrx_word' id='word_1_238' title='bbox 397 2155 568 2189; x_wconf 80' lang='lat' dir='ltr'>vocabula</span> <span class='ocrx_word' id='word_1_239' title='bbox 592 2156 627 2189; x_wconf 89' lang='lat' dir='ltr'>in</span> <span class='ocrx_word' id='word_1_240' title='bbox 666 2156 836 2190; x_wconf 87' lang='lat' dir='ltr'>viventem</span> <span class='ocrx_word' id='word_1_241' title='bbox 872 2157 1036 2191; x_wconf 72' lang='lat' dir='ltr'>Cebetem</span> <span class='ocrx_word' id='word_1_242' title='bbox 1065 2158 1174 2191; x_wconf 90' lang='lat' dir='ltr'>multo</span> <span class='ocrx_word' id='word_1_243' title='bbox 1204 2157 1328 2191; x_wconf 88' lang='lat' dir='ltr'>melius</span> <span class='ocrx_word' id='word_1_244' title='bbox 1353 2158 1538 2191; x_wconf 87' lang='lat' dir='ltr'>convenire</span> <span class='ocrx_word' id='word_1_245' title='bbox 1574 2168 1682 2200; x_wconf 88' lang='lat' dir='ltr'>supra</span> 
     </span>
     <span class='ocr_line' id='line_1_31' title="bbox 307 2210 1682 2257; baseline 0.003 -14"><span class='ocrx_word' id='word_1_246' title='bbox 307 2210 357 2253; x_wconf 83' lang='lat' dir='ltr'>(p.</span> <span class='ocrx_word' id='word_1_247' title='bbox 385 2212 418 2254; x_wconf 81' lang='lat'>9)</span> <span class='ocrx_word' id='word_1_248' title='bbox 446 2211 640 2246; x_wconf 84' lang='lat' dir='ltr'>viderimus.</span> <span class='ocrx_word' id='word_1_249' title='bbox 692 2213 890 2247; x_wconf 89' lang='lat' dir='ltr'>Drosihnus</span> <span class='ocrx_word' id='word_1_250' title='bbox 926 2213 984 2247; x_wconf 91' lang='lat' dir='ltr'>ille</span> <span class='ocrx_word' id='word_1_251' title='bbox 1018 2213 1157 2256; x_wconf 88' lang='lat' dir='ltr'>quidem</span> <span class='ocrx_word' id='word_1_252' title='bbox 1184 2223 1224 2247; x_wconf 91' lang='lat' dir='ltr'>eo</span> <span class='ocrx_word' id='word_1_253' title='bbox 1250 2219 1423 2257; x_wconf 89' lang='lat' dir='ltr'>tempore,</span> <span class='ocrx_word' id='word_1_254' title='bbox 1457 2225 1525 2256; x_wconf 88' lang='lat' dir='ltr'>quo</span> <span class='ocrx_word' id='word_1_255' title='bbox 1557 2218 1682 2248; x_wconf 88' lang='lat' dir='ltr'>auctor</span> 
     </span>
    </p>
   </div>
   <div class='ocr_carea' id='block_1_4' title="bbox 310 1335 470 1338">
    <p class='ocr_par' dir='ltr' id='par_1_6' title="bbox 310 1335 470 1338">
     <span class='ocr_line' id='line_1_32' title="bbox 310 1335 470 1338; baseline 0 0"><span class='ocrx_word' id='word_1_256' title='bbox 310 1335 470 1338; x_wconf 95' lang='lat' dir='ltr'> </span> 
     </span>
    </p>
   </div>
   <div class='ocr_carea' id='block_1_5' title="bbox 308 2267 1684 2713">
    <p class='ocr_par' dir='ltr' id='par_1_7' title="bbox 308 2267 1684 2713">
     <span class='ocr_line' id='line_1_33' title="bbox 309 2267 1683 2314; baseline 0.002 -13"><span class='ocrx_word' id='word_1_257' title='bbox 309 2267 401 2302; x_wconf 87' lang='lat' dir='ltr'>hanc</span> <span class='ocrx_word' id='word_1_258' title='bbox 436 2270 622 2312; x_wconf 83' lang='lat' dir='ltr'>epistulam</span> <span class='ocrx_word' id='word_1_259' title='bbox 657 2271 768 2304; x_wconf 69' lang='lat' dir='ltr'>voluit</span> <span class='ocrx_word' id='word_1_260' title='bbox 794 2271 1028 2313; x_wconf 89' lang='lat' dir='ltr'>conscriptam</span> <span class='ocrx_word' id='word_1_261' title='bbox 1062 2272 1199 2314; x_wconf 89' lang='lat' dir='ltr'>putari,</span> <span class='ocrx_word' id='word_1_262' title='bbox 1234 2271 1395 2305; x_wconf 88' lang='lat' dir='ltr'>Cebetem</span> <span class='ocrx_word' id='word_1_263' title='bbox 1428 2271 1543 2304; x_wconf 86' lang='lat' dir='ltr'>vivum</span> <span class='ocrx_word' id='word_1_264' title='bbox 1575 2271 1683 2305; x_wconf 86' lang='lat' dir='ltr'>fuisse</span> 
     </span>
     <span class='ocr_line' id='line_1_34' title="bbox 309 2326 1683 2371; baseline 0.003 -13"><span class='ocrx_word' id='word_1_265' title='bbox 309 2330 423 2368; x_wconf 87' lang='lat' dir='ltr'>negat.</span> <span class='ocrx_word' id='word_1_266' title='bbox 472 2326 527 2360; x_wconf 88' lang='lat' dir='ltr'>Sic</span> <span class='ocrx_word' id='word_1_267' title='bbox 544 2327 634 2361; x_wconf 88' lang='lat' dir='ltr'>enim</span> <span class='ocrx_word' id='word_1_268' title='bbox 654 2332 936 2370; x_wconf 84' lang='lat' dir='ltr'>argumentatur:</span> <span class='ocrx_word' id='word_1_269' title='bbox 965 2328 1124 2362; x_wconf 89' lang='lat' dir='ltr'>Cebetem</span> <span class='ocrx_word' id='word_1_270' title='bbox 1145 2328 1288 2361; x_wconf 84' lang='lat' dir='ltr'>Socrate</span> <span class='ocrx_word' id='word_1_271' title='bbox 1305 2329 1514 2371; x_wconf 88' lang='lat' dir='ltr'>interempto</span> <span class='ocrx_word' id='word_1_272' title='bbox 1540 2334 1574 2362; x_wconf 90' lang='lat' dir='ltr'>et</span> <span class='ocrx_word' id='word_1_273' title='bbox 1593 2329 1683 2362; x_wconf 85' lang='lat' dir='ltr'>The-</span> 
     </span>
     <span class='ocr_line' id='line_1_35' title="bbox 314 2381 1682 2428; baseline 0.003 -14"><span class='ocrx_word' id='word_1_274' title='bbox 314 2381 369 2414; x_wconf 90' lang='lat' dir='ltr'>bis</span> <span class='ocrx_word' id='word_1_275' title='bbox 395 2382 554 2418; x_wconf 88' lang='lat' dir='ltr'>liberatis</span> <span class='ocrx_word' id='word_1_276' title='bbox 580 2394 648 2417; x_wconf 90' lang='lat' dir='ltr'>non</span> <span class='ocrx_word' id='word_1_277' title='bbox 674 2384 832 2427; x_wconf 86' lang='lat' dir='ltr'>potuisse</span> <span class='ocrx_word' id='word_1_278' title='bbox 857 2384 1008 2419; x_wconf 84' lang='lat' dir='ltr'>Athenis</span> <span class='ocrx_word' id='word_1_279' title='bbox 1033 2394 1223 2418; x_wconf 90' lang='lat' dir='ltr'>remanere.</span> <span class='ocrx_word' id='word_1_280' title='bbox 1279 2385 1388 2428; x_wconf 89' lang='lat' dir='ltr'>Atqui</span> <span class='ocrx_word' id='word_1_281' title='bbox 1414 2384 1682 2419; x_wconf 87' lang='lat' dir='ltr'>Pseudo-Plato</span> 
     </span>
     <span class='ocr_line' id='line_1_36' title="bbox 309 2439 1683 2484; baseline 0.002 -12"><span class='ocrx_word' id='word_1_282' title='bbox 309 2439 384 2472; x_wconf 88' lang='lat' dir='ltr'>eius</span> <span class='ocrx_word' id='word_1_283' title='bbox 408 2439 577 2474; x_wconf 85' lang='lat' dir='ltr'>familiam</span> <span class='ocrx_word' id='word_1_284' title='bbox 603 2441 700 2474; x_wconf 87' lang='lat' dir='ltr'>annis</span> <span class='ocrx_word' id='word_1_285' title='bbox 719 2442 897 2475; x_wconf 80' lang='lat'>367—361</span> <span class='ocrx_word' id='word_1_286' title='bbox 919 2441 1002 2474; x_wconf 91' lang='lat' dir='ltr'>dicit</span> <span class='ocrx_word' id='word_1_287' title='bbox 1019 2441 1168 2474; x_wconf 86' lang='lat' dir='ltr'>Athenis</span> <span class='ocrx_word' id='word_1_288' title='bbox 1186 2441 1303 2475; x_wconf 85' lang='lat' dir='ltr'>fuisse.</span> <span class='ocrx_word' id='word_1_289' title='bbox 1352 2441 1448 2483; x_wconf 85' lang='lat' dir='ltr'>Ergo</span> <span class='ocrx_word' id='word_1_290' title='bbox 1473 2441 1547 2484; x_wconf 85' lang='lat' dir='ltr'>ipse</span> <span class='ocrx_word' id='word_1_291' title='bbox 1573 2442 1683 2475; x_wconf 90' lang='lat' dir='ltr'>Cebes</span> 
     </span>
     <span class='ocr_line' id='line_1_37' title="bbox 308 2497 1683 2541; baseline 0.001 -12"><span class='ocrx_word' id='word_1_292' title='bbox 308 2501 470 2530; x_wconf 79' lang='lat' dir='ltr'>mortuus</span> <span class='ocrx_word' id='word_1_293' title='bbox 494 2501 569 2530; x_wconf 88' lang='lat' dir='ltr'>erat</span> <span class='ocrx_word' id='word_1_294' title='bbox 595 2502 675 2530; x_wconf 86' lang='lat' dir='ltr'>ante</span> <span class='ocrx_word' id='word_1_295' title='bbox 701 2497 842 2531; x_wconf 91' lang='lat' dir='ltr'>Thebas</span> <span class='ocrx_word' id='word_1_296' title='bbox 866 2498 1035 2531; x_wconf 86' lang='lat' dir='ltr'>liberatas</span> <span class='ocrx_word' id='word_1_297' title='bbox 1061 2497 1163 2538; x_wconf 90' lang='lat' dir='ltr'>(idem</span> <span class='ocrx_word' id='word_1_298' title='bbox 1191 2498 1361 2531; x_wconf 89' lang='lat' dir='ltr'>asseritur</span> <span class='ocrx_word' id='word_1_299' title='bbox 1386 2509 1419 2541; x_wconf 89' lang='lat' dir='ltr'>p.</span> <span class='ocrx_word' id='word_1_300' title='bbox 1447 2500 1495 2541; x_wconf 84' lang='lat'>5).</span> <span class='ocrx_word' id='word_1_301' title='bbox 1551 2501 1600 2532; x_wconf 86' lang='lat' dir='ltr'>At</span> <span class='ocrx_word' id='word_1_302' title='bbox 1623 2498 1683 2531; x_wconf 84' lang='lat' dir='ltr'>ubi</span> 
     </span>
     <span class='ocr_line' id='line_1_38' title="bbox 311 2554 1684 2599; baseline 0.003 -14"><span class='ocrx_word' id='word_1_303' title='bbox 311 2558 434 2587; x_wconf 86' lang='lat' dir='ltr'>auctor</span> <span class='ocrx_word' id='word_1_304' title='bbox 460 2559 710 2588; x_wconf 89' lang='lat' dir='ltr'>commemorat</span> <span class='ocrx_word' id='word_1_305' title='bbox 727 2555 876 2589; x_wconf 90' lang='lat' dir='ltr'>Athenis</span> <span class='ocrx_word' id='word_1_306' title='bbox 899 2555 1031 2589; x_wconf 83' lang='lat' dir='ltr'>vixisse</span> <span class='ocrx_word' id='word_1_307' title='bbox 1051 2554 1189 2589; x_wconf 76' lang='lat' dir='ltr'>Cebetis</span> <span class='ocrx_word' id='word_1_308' title='bbox 1213 2554 1330 2589; x_wconf 77' lang='lat' dir='ltr'>filias?</span> <span class='ocrx_word' id='word_1_309' title='bbox 1356 2555 1491 2589; x_wconf 91' lang='lat' dir='ltr'>Deinde</span> <span class='ocrx_word' id='word_1_310' title='bbox 1515 2566 1584 2599; x_wconf 91' lang='lat' dir='ltr'>quo</span> <span class='ocrx_word' id='word_1_311' title='bbox 1609 2556 1684 2589; x_wconf 90' lang='lat' dir='ltr'>iure</span> 
     </span>
     <span class='ocr_line' id='line_1_39' title="bbox 309 2610 1683 2657; baseline 0.001 -13"><span class='ocrx_word' id='word_1_312' title='bbox 309 2610 394 2645; x_wconf 90' lang='lat' dir='ltr'>licet</span> <span class='ocrx_word' id='word_1_313' title='bbox 421 2612 630 2646; x_wconf 89' lang='lat' dir='ltr'>contendere</span> <span class='ocrx_word' id='word_1_314' title='bbox 650 2612 810 2646; x_wconf 90' lang='lat' dir='ltr'>Cebetem</span> <span class='ocrx_word' id='word_1_315' title='bbox 830 2612 928 2646; x_wconf 91' lang='lat' dir='ltr'>nullo</span> <span class='ocrx_word' id='word_1_316' title='bbox 953 2612 1054 2646; x_wconf 90' lang='lat' dir='ltr'>modo</span> <span class='ocrx_word' id='word_1_317' title='bbox 1079 2617 1160 2656; x_wconf 86' lang='lat' dir='ltr'>post</span> <span class='ocrx_word' id='word_1_318' title='bbox 1178 2611 1357 2647; x_wconf 85' lang='lat' dir='ltr'>Socratem</span> <span class='ocrx_word' id='word_1_319' title='bbox 1382 2613 1629 2657; x_wconf 87' lang='lat' dir='ltr'>interemptum</span> <span class='ocrx_word' id='word_1_320' title='bbox 1648 2618 1683 2647; x_wconf 88' lang='lat' dir='ltr'>et</span> 
     </span>
     <span class='ocr_line' id='line_1_40' title="bbox 310 2668 1315 2713; baseline 0.001 -12"><span class='ocrx_word' id='word_1_321' title='bbox 310 2672 391 2710; x_wconf 88' lang='lat' dir='ltr'>post</span> <span class='ocrx_word' id='word_1_322' title='bbox 417 2668 558 2704; x_wconf 81' lang='lat' dir='ltr'>Thebas</span> <span class='ocrx_word' id='word_1_323' title='bbox 581 2669 748 2704; x_wconf 85' lang='lat' dir='ltr'>liberatas</span> <span class='ocrx_word' id='word_1_324' title='bbox 772 2669 931 2713; x_wconf 86' lang='lat' dir='ltr'>potuisse</span> <span class='ocrx_word' id='word_1_325' title='bbox 957 2669 1104 2704; x_wconf 84' lang='lat' dir='ltr'>Athenis</span> <span class='ocrx_word' id='word_1_326' title='bbox 1128 2669 1315 2703; x_wconf 78' lang='lat' dir='ltr'>habitare?</span> 
     </span>
    </p>
   </div>
   <div class='ocr_carea' id='block_1_6' title="bbox 1886 2028 1888 2613">
    <p class='ocr_par' dir='ltr' id='par_1_8' title="bbox 1886 2028 1888 2613">
     <span class='ocr_line' id='line_1_41' title="bbox 1886 2028 1888 2613; baseline 0 0"><span class='ocrx_word' id='word_1_327' title='bbox 1886 2028 1888 2613; x_wconf 95' lang='lat' dir='ltr'> </span> 
     </span>
    </p>
   </div>
  </div>
 </body>
</html>
