1888 3170
692 213 972 251 ...69-

149 323 417 374 intellegunt,
461 334 587 365 causa
627 325 691 365 est
730 324 940 376 perniciei.
1000 325 1204 377 Aenigma
1245 327 1383 365 autem
1419 323 1522 365 illud

149 400 213 438 est
244 396 293 436 de
323 397 446 437 rebus
478 396 618 447 bonis,
661 397 801 447 malis,
834 397 991 439 mediis.
1052 398 1114 438 De
1145 397 1208 439 his
1239 397 1311 438 ubi
1342 398 1522 450 primum

150 474 260 511 recte
290 469 472 511 iudicare
515 470 718 522 coeperis,
759 465 1009 524 Ἀφροσύνη
1040 471 1192 524 peribit
1225 471 1281 523 (3,
1307 470 1364 523 4).
1426 471 1522 513 Jam

149 544 371 586 manifesto
403 545 676 598 deprehendis
709 543 906 587 Stoicum.
969 545 1072 588 Cum
1104 546 1214 587 enim
1247 557 1380 597 neque
1411 544 1522 598 apud

150 618 358 660 Socratem
402 631 535 671 neque
577 618 686 670 apud
718 618 932 661 Platonem
977 616 1213 673 ἀφροσύνη
1254 620 1523 671 intellegatur

149 694 315 735 inscitia
346 694 547 735 bonorum
580 694 856 745 etmalorum,
889 693 1029 745 Stoici,
1062 706 1165 746 quos
1186 694 1357 735 maximi
1387 693 1523 735 facere

151 779 242 808 eum
274 768 426 819 locum,
471 768 542 820 qui
585 772 649 809 est
692 768 742 809 de
784 768 904 810 bonis
936 774 977 809 et
1008 769 1146 820 malis,
1191 780 1315 820 supra
1345 767 1522 809 vidimus

150 843 207 895 (p.
242 843 333 893 37),
374 845 420 883 ut
451 839 669 896 φρόνησιν
702 854 793 884 esse
825 843 1020 884 volebant
1064 840 1305 896 ἐπιστήμην
1336 837 1522 895 ἀγαθῶν

150 915 222 957 καὶ
244 918 390 958 κακῶν
412 915 483 958 καὶ
507 912 751 970 οὐδετέρων
767 917 812 970 1),
845 918 903 959 Sic
924 913 1203 970 ἀφροσύνην,
1236 918 1356 969 Diog.
1381 916 1520 958 Laert.

151 991 231 1033 VII
265 995 317 1033 93
350 992 385 1032 si
417 989 535 1032 fidem
568 991 788 1044 habemUS,
832 990 1085 1033 definiebant
1115 988 1303 1045 ἄγνοιαν
1335 986 1522 1045 ἀγαθῶν

150 1064 222 1107 καὶ
253 1067 400 1107 κακῶν
430 1064 503 1107 καὶ
536 1061 788 1119 οὐδετέρων.

268 1141 438 1182 Praeter
470 1136 734 1195 ἀφροσύνην
760 1141 861 1183 vitia
887 1141 1095 1193 animique
1117 1140 1450 1193 perturbationes
1480 1140 1523 1181 in

149 1216 309 1257 Tabula
341 1221 716 1258 commemorantur
746 1216 862 1257 haec:
896 1211 1082 1269 ἀκρασία
1113 1219 1217 1267 (9,1;
1254 1219 1370 1266 14,1;
1409 1218 1523 1267 19,5;

152 1295 265 1342 23,1;
305 1294 420 1343 24,2;
464 1294 578 1343 26,2;
623 1294 742 1342 28,1;
789 1294 904 1343 28,3;
951 1293 1066 1342 32,3;
1112 1290 1248 1342 34,2);
1295 1284 1524 1339 ἀλαζονεία

150 1366 290 1418 (19,5;
324 1366 458 1417 24,2);
502 1360 673 1417 ἀθυμία
704 1366 840 1417 (ΙΟ,2;
874 1368 1010 1417 27,4);
1052 1359 1214 1405 ἀσωτία
1245 1364 1352 1416 (9,1;
1388 1363 1523 1415 28,3);

150 1435 364 1494 ἀπληστία
382 1439 505 1492 (9,1);
534 1438 745 1491 ἐπιθυμία
767 1438 924 1492 (19,5);
956 1433 1208 1493 ’ἡδυπάθεια
1231 1438 1361 1490 (28,1,
1386 1435 1524 1491 32,3);

150 1512 295 1568 θυμός
327 1514 480 1567 (19,5);
512 1513 741 1564 κενοδοξία
763 1515 916 1566 (24,2);
948 1510 1061 1567 λύπη
1086 1514 1222 1566 (10‚2;
1255 1516 1373 1564 23,1;
1407 1515 1523 1563 26,2;

152 1590 288 1641 27‚4);
322 1584 463 1641 ὀδύνη
497 1588 632 1641 (10,2;
668 1592 781 1640 26,2;
817 1588 948 1640 27,4);
994 1583 1188 1641 ὀδυρμός
1219 1587 1355 1640 (10,2;
1389 1586 1524 1639 23‚1);

149 1658 454 1718 ὑπερηφάνεια
472 1663 626 1716 (23,1);
646 1665 915 1717 φιλαργυρία
933 1663 1066 1714 (19,5;
1090 1666 1205 1714 23,1;
1224 1665 1339 1713 24,2;
1358 1659 1524 1713 2ss,2).2)

267 1739 385 1789 Quod
427 1751 553 1790 supra
595 1751 633 1790 p.
669 1742 718 1780 25
770 1739 945 1779 diximus
989 1751 1054 1790 ea,
1087 1751 1193 1792 quae
1236 1738 1285 1779 tle
1321 1737 1443 1778 rebus
1475 1737 1526 1778 acl

150 1826 286 1856 mores
316 1813 624 1866 pertinentibus
647 1819 790 1855 auctor
812 1813 995 1855 Tabulae
1017 1813 1205 1865 protulit,
1237 1813 1362 1854 latius
1383 1815 1525 1864 patere

151 1900 283 1940 neque
305 1900 353 1929 ex
374 1894 486 1930 certa
508 1889 683 1940 quadam
705 1889 844 1930 schola
866 1889 999 1941 primo
1023 1888 1172 1930 obtutu
1192 1887 1322 1929 videri
1345 1886 1524 1937 fluxisse,

151 1965 192 2005 id
224 1976 314 2005 cum
346 1964 438 2005 aliis
470 1964 592 2005 rebus
626 1968 712 2005 tum
755 1965 829 2005 hac
860 1965 1055 2006 vitiorum
1087 1967 1127 2004 et
1162 1961 1525 2015 perturbationum

151 2040 462 2081 enumeratione
512 2039 610 2081 licet
660 2051 920 2091 cognoscere.
997 2038 1140 2090 Neque
1191 2038 1300 2079 enim
1352 2047 1525 2088 usquam

151 2120 287 2156 certus
330 2114 498 2167 quidam
539 2114 651 2156 orbis
694 2114 890 2154 vitiorum
931 2112 1279 2164 affectionumque
1318 2134 1369 2138 -—
1413 2111 1527 2151 velut

151 2189 279 2231 Stoici
300 2189 520 2242 praecipua
540 2189 642 2230 vitia
664 2200 754 2230 esse
774 2189 995 2230 voluerunt
1026 2182 1305 2241 ἀφροσύνην,
1341 2186 1523 2235 δειλίαν,

151 2259 340 2315 ἀδικίαν,
356 2258 597 2304 ἀκολασίαν
614 2263 662 2305 cf.
675 2263 794 2315 Diog.
812 2263 948 2303 Laert.
972 2262 1049 2303 VII
1064 2265 1131 2312 93,
1150 2260 1390 2302 affectiones
1406 2270 1524 2311 prae-

152 2339 293 2390 cipuas
320 2335 478 2392 λύπην,
502 2334 661 2392 φόβον,
694 2336 948 2390 ἐπιθυμίαν,
980 2330 1148 2390 ἡδονήν
1173 2336 1223 2378 Cf.
1247 2334 1523 2387 Diog.Lae1·t.

267 2483 293 2528 1)
319 2484 362 2519 cf.
387 2484 466 2518 infr.
492 2496 527 2529 p.
554 2488 608 2521 77.

268 2539 294 2583 2)
321 2542 421 2585 Quod
446 2542 488 2576 iis
512 2542 615 2586 vitiis,
643 2552 731 2586 quae
757 2547 838 2576 sunt
863 2536 1033 2585 ἀκρασία,
1061 2534 1216 2582 ἀσωτία,
1245 2533 1444 2583 ἀπληστία,
1471 2541 1523 2583 9,1

152 2598 354 2641 adiungitur
380 2599 573 2643 κολακεία,
608 2610 676 2633 nou
703 2599 779 2643 ipsa
803 2598 923 2633 vitium
950 2599 1034 2631 haec
1059 2602 1130 2641 est,
1162 2596 1222 2631 sed
1247 2597 1528 2641 instrumentum,

154 2666 222 2700 quo
249 2655 336 2690 vitia
359 2655 421 2691 illa
445 2662 591 2690 utuntur
616 2657 661 2691 ad
679 2656 920 2699 decipiendum
946 2655 1129 2689 hominem.
1171 2653 1303 2689 Eodem
1321 2653 1422 2688 modo
1450 2655 1526 2698 18,2

151 2712 353 2748 Eruditioni
379 2719 414 2749 et
439 2714 590 2749 Veritati
616 2715 756 2749 additur
784 2714 975 2749 Pei-suasio.
