1888 3170
680 219 992 257 —115—

151 326 453 379 significatione
486 328 640 370 dicitur
671 327 937 381 ἐξαιρεῖσθαι
975 330 1034 378 εἰς
1071 328 1342 381 ἐλευθερίαν.
1405 327 1521 377 Quae

152 401 273 453 plane
309 414 398 442 cum
433 402 617 444 Tabulae
648 403 725 444 hoc
756 403 844 444 loco
876 408 1107 456 congruant
1131 403 1316 455 exempla
1350 415 1430 443 non
1463 402 1523 443 in-

151 475 271 516 venio
303 476 383 516 nisi
416 489 465 517 ex
488 477 786 518 recentissimis
811 479 1085 529 scriptoribus
1108 478 1250 520 allata,
1283 477 1394 517 velut
1427 477 1519 517 Luc.

155 552 268 599 lss,3:
303 544 324 589 ὁ
348 547 499 603 κύριός
521 566 607 604 μου
629 546 877 604 ἀφαιρεῖται
899 548 981 605 τὴν
1014 553 1273 605 οἰκονομίαν
1296 546 1366 591 ἀπ’
1402 549 1523 603 ἐμοῦ,

133 623 344 664 ‘'Eustath.
376 624 424 665 Il.
457 638 495 677 p.
532 628 676 674 72‚12:
709 620 958 677 ἀφαιρεῖται
990 621 1057 666 ἀπ’
1094 620 1232 666 αὐτοῦ
1266 620 1287 666 ὁ
1321 619 1526 676 βασιλεὺς

152 691 175 736 ὃ
206 693 262 749 μὴ
297 697 488 739 δέδωκεν
519 694 706 751 αὐτός’)

264 771 326 813 De
353 773 560 813 adverbiis
591 774 945 825 praepositionum
983 775 1073 815 loco
1105 774 1304 814 adhibitis
1337 772 1524 814 animad-

151 846 395 886 vertendum
435 851 500 887 est
549 841 686 887 ὀπίσω
730 847 864 898 (10,1)
909 860 1000 889 cum
1038 848 1221 899 genitivo
1263 847 1525 888 coniunctum

151 918 256 959 alias
290 932 369 961 non
411 920 587 960 inveniri
631 921 710 961 nisi
752 922 862 973 apud
896 921 1008 962 LXX
1053 926 1095 963 et
1135 923 1176 961 in
1221 921 1336 962 Novo
1379 920 1525 961 Testa-

151 996 304 1034 mento.
371 994 428 1034 l)e
471 990 615 1034 ἐπάνω
659 995 940 1046 metaphorice
984 996 1171 1036 adhibito
1217 993 1352 1047 (26,3)
1401 1006 1526 1046 supra

150 1068 329 1109 diximus
361 1081 399 1120 p.
434 1072 500 1109 50.

266 1142 329 1182 Ad
373 1143 684 1184 coniunctiones
726 1144 833 1194 quod
875 1144 1048 1193 attinet,
1095 1139 1203 1183 ὅταν
1242 1143 1303 1184 bis
1336 1144 1375 1184 in
1409 1143 1524 1183 codd.

151 1229 242 1258 cum
281 1217 507 1258 indicativo
540 1218 801 1258 coniunctum
835 1218 1063 1258 invenitur:
1105 1221 1220 1268 35,2:
1260 1214 1367 1258 ὅταν
1407 1218 1526 1257 ἔστιν

152 1292 285 1343 ἰδεῖν,
325 1294 421 1342 39,4
454 1288 560 1332 ὅταν
593 1286 648 1344 μὴ
684 1290 947 1332 ἐπίστανται.
1009 1292 1071 1333 ΕΟ
1104 1292 1211 1342 loco,
1250 1304 1371 1344 quem
1409 1291 1526 1343 prius

151 1367 481 1416 commemoravi,
515 1366 743 1418 Sauppeius
766 1366 932 1418 scripsit
955 1362 1039 1417 ὅτε,
1071 1366 1182 1417 quod
1203 1366 1360 1418 recepit
1381 1366 1525 1407 Jerra-

152 1441 272 1481 mius.
348 1444 444 1491 sest
497 1440 938 1491 Schweighaeuserus,
992 1441 1242 1492 Drosihnus,
1294 1441 1526 1481 Jerramius

152 1515 444 1556 emendatione
467 1515 652 1556 assecuti
676 1519 773 1556 sunt
796 1512 902 1555 ὅταν
923 1510 979 1567 μὴ
1004 1515 1274 1567 ἐπίστωνται,
1296 1515 1527 1567 Sauppeius

153 1591 197 1629 οἳ
227 1584 279 1641 δὴ
314 1583 370 1641 μὴ
405 1587 667 1629 ἐπίστανται.
730 1589 999 1630 Dubitaveris
1023 1601 1119 1629 num
1144 1591 1436 1641 corrigendum
1458 1591 1525 1640 sit,

151 1674 243 1704 cum
279 1664 387 1715 apud
421 1665 673 1705 recentiores
705 1664 857 1715 passim
887 1660 993 1704 ὅταν
1025 1677 1117 1705 cum
1150 1665 1374 1706 indicativo
1405 1677 1528 1717 copu-

152 1738 280 1778 latum
316 1736 614 1790 inveniatur2);
648 1738 807 1779 accedit
838 1739 945 1789 quod
968 1738 1035 1779 hic
1066 1739 1228 1779 libellus
1256 1739 1420 1781 brevior
1452 1744 1528 1790 est,

268 1897 295 1940 1)
322 1897 419 1931 Haec
446 1901 632 1940 praeterea
651 1896 829 1930 afferenda
853 1901 944 1939 sunt,
971 1906 989 1929 e
1007 1896 1132 1939 quibus
1149 1906 1192 1929 ne
1210 1896 1294 1939 quid
1313 1897 1351 1930 de
1371 1897 1528 1930 Tabulae

151 1960 268 1989 aetate
294 1954 437 1997 colligas
458 1953 665 1987 monendum
694 1954 756 1987 sit:
786 1955 861 1996 lo,4
884 1953 1047 1995 legimus:
1075 1949 1167 1996 μετὰ
1191 1948 1334 1986 τούτων
1359 1954 1527 1997 συμβιοῖ;

155 2014 228 2055 13,1
258 2007 349 2055 μετὰ
376 2011 440 2054 τῆς
475 2005 660 2053 ἀληθινῆς
698 2010 882 2049 Παιδείας
908 2012 1139 2053 συνομιλεῐνς
1179 2011 1271 2053 (27‚4
1297 2004 1377 2053 μετ’
1405 2004 1529 2042 αὐτῶν

161 2063 472 2111 ἀκολουθοῦσαι).
522 2067 726 2110 Luettgeius
757 2079 790 2110 p.
819 2070 860 2101 1ss
893 2067 998 2102 huius
1030 2067 1226 2110 pleonasmi
1251 2077 1352 2110 quem
1379 2067 1461 2101 dicit
1487 2077 1528 2100 ex

158 2126 305 2169 Polybio
323 2125 443 2160 attulit
460 2125 668 2168 exemplum.
707 2124 772 2159 Sed
792 2135 880 2168 opus
899 2135 969 2158 non
989 2130 1041 2159 est
1059 2124 1100 2158 ad
1120 2124 1304 2168 Polybium
1324 2133 1530 2168 provocare.

152 2183 320 2217 Eiusdem
348 2183 439 2216 enim
466 2193 548 2216 usus
572 2182 772 2216 Lobeckius
797 2181 853 2225 (ad
879 2181 1069 2225 Phrynich.
1095 2193 1127 2224 p.
1149 2182 1228 2225 354)
1253 2192 1295 2215 ex
1313 2180 1529 2225 Thucydide,

153 2241 399 2283 Xenophonte,
425 2240 672 2282 Demosthene,
700 2238 872 2282 Euripide
898 2239 1087 2281 exscripsit
1114 2238 1288 2281 exempla.

326 2296 403 2330 Non
441 2296 585 2330 maioris
622 2296 785 2339 ponderis
822 2306 895 2330 esse
932 2295 1017 2329 mihi
1055 2295 1211 2338 videtur,
1253 2295 1344 2338 quod
1385 2294 1528 2328 verbum

153 2354 470 2398 παραγίγνεσθαι,
503 2353 595 2396 quod
620 2354 709 2387 alias
741 2364 819 2387 cum
843 2353 1102 2396 praepositione
1129 2348 1169 2385 ἐν
1199 2352 1273 2386 fere
1298 2352 1531 2396 coniungitur,

153 2410 190 2444 in
214 2409 352 2444 Tabula
376 2411 432 2454 28,
449 2413 482 2453 1;
511 2411 615 2454 35‚23
644 2411 749 2453 16,3;
780 2411 878 2454 16‚4;
909 2411 995 2452 19,4
1021 2419 1098 2443 cum
1126 2407 1189 2452 εἰς,
1213 2404 1316 2452 πρός,
1343 2404 1408 2442 ἐπί
1428 2419 1532 2452 copu-

154 2468 265 2511 latur,
302 2468 352 2501 ita
387 2473 427 2501 ut
458 2467 668 2511 respondeat
702 2467 900 2510 quaerenti:
938 2466 1073 2510 ‚,quo‘?“
1124 2466 1230 2501 Cuius
1260 2476 1342 2501 usus
1373 2466 1532 2510 exempla

156 2535 366 2569 quamquam
402 2534 487 2558 rara
521 2530 621 2568 sunt,
662 2530 777 2559 tamen
815 2535 857 2558 ne
891 2524 934 2557 ab
960 2524 1111 2567 optimae
1149 2523 1286 2567 quidem
1319 2523 1532 2558 Graecitatis

155 2582 392 2625 scriptoribus
419 2582 554 2617 alienus
579 2587 631 2617 est
658 2582 712 2623 (cf.
737 2581 888 2625 Lycurg.
915 2583 947 2624 6,
962 2582 1005 2622 5).

276 2650 302 2695 ²)
329 2651 452 2696 Polyb.
477 2653 510 2695 4,
525 2652 629 2695 32‚5;
659 2652 712 2695 13,
726 2653 759 2694 7,
775 2653 815 2684 10
841 2648 1045 2684 Dindorfius
1069 2649 1207 2692 scripsit
1224 2643 1297 2691 ὅτε,
1324 2647 1532 2683 Hultschius

156 2718 225 2742 non
251 2707 410 2742 mutavit.

1196 2762 1245 2806 8*
