1888 3170
665 226 976 265 —113—

253 334 462 387 Sequitur,
487 340 532 377 ut
555 336 605 377 de
627 337 983 388 praepositionum
1012 347 1089 376 usu
1116 347 1222 388 quae
1245 335 1363 376 nobis
1393 334 1506 374 vide·

135 412 261 450 antur
293 410 654 451 commemoranda
676 422 776 459 esse,
809 422 1076 460 exponamus.
1141 411 1276 461 Atque
1303 408 1505 449 Tabulam

134 495 227 523 cum
246 483 434 533 Platone,
458 483 744 534 Xenophonte,
765 483 947 535 Polybio,
967 483 1162 532 Liuiano,
1182 482 1312 523 Dione
1331 481 1507 533 Chryso-

135 561 280 607 stomo,
307 557 528 598 Plutarcho
550 567 796 608 comparans
826 557 865 597 in
890 557 1126 597 universum
1149 555 1505 607 praepositionum

134 629 410 681 frequentiam
432 643 455 671 a
471 630 641 682 Polybio
665 630 906 681 longissime
921 630 1081 674 abesse.
1104 643 1127 670 a
1151 631 1297 671 ceteris
1314 629 1423 670 haud
1446 630 1507 670 ita

134 704 306 745 inultum
338 705 573 756 discrepare
604 705 788 755 cognovi.
848 704 907 745 De
931 705 1106 755 singulis
1128 703 1507 756 praepositionibus

134 779 412 819 animadverti
434 775 542 830 πρός
559 790 588 818 c.
610 790 694 819 acc.
718 778 961 829 saepissime
979 790 1210 827 occurrere3
1230 777 1506 829 frequentiam

132 852 483 904 praepositimmm
502 864 533 892 c.
554 863 685 892 accus.
706 853 1019 892 coniunctarum
1042 852 1318 892 Mommsenus
1336 863 1428 892 cum
1445 863 1508 891 re-

134 926 329 967 centioris
345 927 495 967 aetatis
512 938 587 966 usn
610 925 830 966 convenire
848 926 1121 976 monuei·at¹).
1156 926 1378 966 Praeterea
1401 936 1508 965 eom-

132 1012 315 1041 memoro
331 999 747 1052 st'gpraepositionem
763 1012 855 1039 cum
870 1012 1135 1051 personarum
1152 999 1387 1040 nominibus
1401 1011 1508 1040 com-

131 1073 319 1124 pluribus
342 1073 443 1114 locis
466 1073 672 1124 coniungi.
717 1072 784 1114 Sic
811 1077 902 1123 11‚2
922 1073 1114 1124 legimus:
1138 1069 1219 1126 τὴν
1236 1069 1432 1123 ἄξουσαν
1449 1074 1509 1121 εἰς

130 1142 211 1198 τὴν
224 1141 447 1199 ἀληθινὴν
460 1147 692 1186 Παιδείαν.
720 1147 801 1188 Ubi
816 1160 865 1187 ne
881 1147 1307 1188 arbitrerisvocabulo
1320 1148 1508 1188 Παιδεία

131 1232 212 1261 non
244 1232 480 1272 personam,
513 1221 583 1261 sed
616 1232 707 1260 eam
739 1221 950 1272 regionem
974 1221 1197 1272 designari,
1230 1222 1270 1261 in
1304 1234 1386 1274 qna
1418 1234 1508 1262 ver—

131 1298 248 1335 satur
290 1294 499 1345 Erudit-io,
546 1298 775 1346 sequuntur
818 1294 936 1335 haec:
984 1293 1228 1347 καθαρθεὶς
1264 1289 1334 1336 ὑπ’
1376 1290 1510 1348 αὐτῆς

132 1365 322 1418 σώζεται.
386 1369 556 1409 Accedit
587 1368 695 1421 quod
729 1369 879 1409 ceteris
912 1370 1103 1410 omnibus
1135 1369 1251 1420 locis7
1284 1369 1433 1420 quibus
1465 1370 1506 1411 in

131 1442 286 1483 Pinace
309 1443 532 1493 invenitur,
559 1442 806 1483 vocabulum
829 1443 1019 1483 Παιδεία
1041 1442 1250 1494 significat
1273 1456 1507 1495 personam,

132 1527 212 1556 non
252 1517 478 1567 regionem.
549 1516 705 1557 Eodem
744 1517 864 1557 modo
903 1518 963 1565 εἰς
1002 1517 1223 1558 adhibetur
1267 1521 1383 1568 11‚l:
1427 1513 1508 1570 τὴν

133 1592 193 1639 εἰς
223 1589 304 1643 τὴν
342 1585 564 1644 ἀληθινὴν
603 1592 821 1632 Παιδείαν
859 1587 1080 1644 ἄγουσαν,
1119 1588 1207 1644 ἅμα
1245 1589 1293 1633 δὲ
1325 1590 1397 1632 καὶ
1427 1587 1509 1645 τὴν

134 1665 195 1713 εἰς
225 1659 306 1718 τὴν
354 1666 711 1706 Ψευδοπαιδείαν
748 1664 1038 1717 καλουμένην.
1109 1670 1220 1716 12,3;
1259 1662 1366 1707 ὅταν
1404 1663 1509 1718 βού-

131 1741 293 1779 λωνται
332 1740 392 1787 εἰς
430 1734 512 1792 τὴν
550 1733 772 1792 ἀληθινὴν
809 1740 1027 1780 Παιδείαν
1066 1739 1225 1780 ἐλθεῖν.
1294 1743 1380 1791 9,3:
1423 1742 1508 1781 εἰσ-

132 1815 284 1853 ελθεῖν
327 1814 387 1861 εἰς
428 1808 509 1866 τὴν
544 1808 853 1854 ‘Hffvnoieaav
898 1810 1175 1863 (αἰσθάνεται
1223 1810 1321 1855 ὅτι.
1348 1845 1354 1854 .
1379 1846 1388 1854 .
1435 1809 1507 1855 ὑπ’

131 1881 267 1939 αὐτῆς
296 1889 560 1938 κατησθίετο
592 1885 663 1927 καὶ
695 1881 907 1939 ὑβρίζετο.
962 1890 1076 1938 2S,1:
1105 1881 1386 1928 ‘Hffww'fleca
1416 1901 1508 1940 per-

131 1973 233 2002 sona
275 1959 483 2013 fingitur).
558 1961 694 2002 Huius
736 1973 833 2002 usus
881 1961 988 2012 apud
1034 1962 1213 2012 optimae
1256 1961 1509 2004 Graecitatis

133 2036 358 2087 scriptores
381 2036 570 2087 exempla
591 2037 872 2085 inveniuntur,
895 2036 965 2076 sed
988 2037 1241 2087 paucissima
1254 2035 1300 2088 2).
1350 2037 1507 2079 Eadem

139 2109 410 2161 significatio,
451 2122 558 2162 quae
601 2110 652 2151 iis
685 2109 937 2161 Thucydidis
979 2115 1019 2150 et
1059 2110 1166 2150 Isaei
1199 2110 1317 2160 loeis,
1362 2111 1509 2162 quibus

130 2184 192 2232 εἰς
225 2196 316 2224 cum
357 2195 630 2235 personarum
663 2184 898 2225 nominibus
931 2184 1217 2236 coniungitur,
1250 2185 1427 2237 obtinet,
1460 2198 1509 2227 ea

245 2318 272 2362 ¹)
297 2318 320 2352 1.
347 2318 368 2352 1.
393 2329 426 2362 p.
455 2321 506 2355 18.

247 2374 273 2418 ²)
298 2375 377 2409 Non
393 2386 480 2418 opus
498 2383 550 2410 est
567 2376 683 2411 dicero
700 2377 757 2410 hic
772 2377 812 2411 de
826 2387 1057 2421 personarum
1072 2379 1269 2414 nominibus
1287 2380 1429 2423 singul
1444 2383 1506 2417 ari

137 2443 285 2466 numero
311 2432 474 2466 adhibitis
499 2433 566 2475 agi.
615 2433 719 2476 Apud
745 2433 898 2477 pluralia
930 2435 1021 2468 enim
1053 2435 1146 2469 hunc
1171 2447 1270 2470 usum
1296 2448 1365 2471 non
1390 2447 1509 2471 rarum

129 2490 241 2524 fuisse
267 2489 344 2533 quis
375 2494 428 2524 est
458 2491 516 2533 qui
542 2491 701 2525 nesciat?
751 2491 860 2525 Thuc.
887 2492 903 2524 I
935 2493 996 2526 137
1023 2493 1144 2535 optimi
1170 2493 1251 2526 libri
1277 2494 1447 2537 praebent
1473 2491 1510 2534 ἐς

132 2544 297 2590 βασιλέα,
326 2547 420 2590 quod
439 2549 659 2582 retinuerunt
685 2549 820 2593 Poppo,
845 2550 1043 2593 Classenus‘
1068 2551 1287 2586 Boehmeius.
1325 2553 1449 2596 Poppo
1475 2559 1510 2587 et

133 2603 316 2637 Classenus
348 2608 489 2637 monent
520 2604 562 2639 de
596 2605 692 2648 regia
719 2605 819 2640 domo
846 2606 1008 2649 cogitari,
1041 2607 1227 2642 Classenus
1251 2608 1295 2642 ad
1322 2610 1509 2654 Aristoph.

130 2659 223 2693 Plut.
259 2662 326 2694 237
357 2671 567 2703 provocans:
605 2656 653 2705 ἢν
685 2660 754 2705 μὲν
787 2658 857 2705 γὰρ
890 2661 943 2702 εἰς
974 2660 1161 2707 φειδωλὸν
1195 2662 1374 2700 εἰσελθὼν
1398 2663 1508 2711 τύχω.

130 2717 216 2754 Isau.
238 2720 328 2772 72¹4
347 2718 606 2755 Schoemannus
631 2727 747 2755 servat
775 2719 837 2763 εἰς,
864 2731 981 2755 rarum
1008 2722 1102 2755 huuc
1128 2733 1228 2756 usum
1254 2724 1346 2767 apud
1373 2725 1510 2760 Atticos

1195 2785 1219 2822 8
