1888 3170
183 324 323 366 Simile
368 326 466 377 quid
507 337 677 378 passum
720 338 810 367 esse
850 326 1014 367 videtur
1048 327 1291 368 vocabulum
1337 326 1445 378 quod
1487 330 1551 367 est

180 395 387 454 πρᾳότης,
420 400 527 452 quod
550 399 658 452 apud
680 400 895 441 Platonem
918 404 960 442 et
980 400 1298 453 Xenophontem
1329 400 1549 450 invenitur,

184 474 256 514 sed
279 485 484 525 nusquam
506 474 565 515 ita
585 474 830 525 adhibitum,
853 478 899 515 ut
923 471 1115 530 πρᾳότης
1140 474 1183 515 111
1204 475 1404 515 virtutum
1426 474 1549 515 choro

180 552 528 590 commemoretur
559 551 633 589 aut
664 551 710 589 ut
731 548 1034 601 philosophiam
1057 548 1255 590 moralem
1277 548 1327 589 de
1350 560 1398 588 ea
1424 559 1548 599 quae-

180 634 272 663 rere
306 627 519 675 appareat.
586 623 633 663 In
668 622 739 673 iis,
773 634 877 674 quae
908 636 956 664 ex
987 622 1398 664 Pseudo-Aristotele
1430 621 1550 664 affert

181 695 296 738 Stob.
335 696 423 738 flor.
456 697 475 737 Ι
513 700 582 746 18,
627 696 715 737 eius
746 697 878 747 partis
909 697 1054 748 animi,
1103 708 1205 748 quae
1246 708 1337 737 cum
1376 697 1549 738 Platone

178 767 423 823 θυμοειδής
453 769 698 822 appellatur,
731 770 838 811 duae
860 771 1053 811 dicuntur
1083 782 1174 811 esse
1194 770 1384 821 virtutes,
1415 767 1549 825 πρᾳό-

179 859 255 896 της
287 848 328 886 et
359 839 541 895 ἀνδρεία
555 842 598 894 ¹).
652 843 812 886 Stoicos
844 845 886 885 in
919 845 1107 897 sapiente
1136 844 1394 886 clementiam
1416 844 1551 895 requi-

180 919 326 960 sivisse
356 919 475 960 testis
506 922 570 960 est
602 918 803 971 Didymus
836 919 969 969 (Mull.
995 919 1035 960 II
1055 931 1094 971 p.
1119 922 1187 971 85,
1216 919 1285 960 ubi
1307 915 1550 974 πρᾳότητος

178 991 363 1034 definitio
395 992 604 1044 traditur).

293 1067 356 1107 Ex
402 1065 655 1119 ἐλευθερίας
699 1069 741 1108 et
779 1061 1106 1120 καλοκάγαθίας
1148 1067 1549 1111 commemoratione.

179 1153 269 1181 cum
315 1144 538 1193 utrumque
577 1141 824 1182 vocabulum
862 1141 1158 1182 diversissimis
1201 1141 1456 1194 temporibus
1496 1141 1550 1181 sit

179 1215 428 1267 adhibitum,
460 1215 564 1256 nihil
597 1215 697 1255 mihi
731 1215 894 1256 videtur
925 1216 1063 1266 colligi
1095 1215 1281 1268 posse2).

291 1289 317 1329 J
321 1302 388 1330 am
411 1289 638 1339 videamus,
661 1289 865 1341 quomodo
889 1289 1055 1341 sapiens
1079 1289 1162 1340 ille,
1194 1290 1264 1341 qui
1287 1290 1340 1330 ad
1364 1290 1549 1333 Virtutes

179 1367 221 1405 et
253 1364 560 1405 Beatitudincm
583 1364 783 1415 ascendit,
816 1376 838 1404 a
871 1364 1053 1405 Tabulae
1086 1367 1255 1405 auctore
1287 1364 1546 1417 depingatur.

180 1439 316 1492 Atque
348 1439 388 1479 id
420 1451 546 1491 supra
567 1439 745 1479 vidimus
778 1451 868 1479 cum
892 1438 1041 1480 Stoicis
1065 1439 1297 1491 convenire,
1330 1441 1439 1492 quod
1466 1440 1547 1491 ille,

178 1514 248 1554 ubi
281 1526 352 1554 eos
383 1513 540 1564 revisit,
573 1514 642 1564 qui
675 1513 782 1553 male
814 1512 959 1554 vivunt
990 1524 1124 1564 neque
1155 1513 1267 1554 vitiis
1300 1525 1343 1554 se
1369 1515 1550 1556 exsolve-

178 1592 276 1629 runt
307 1588 448 1639 (24,2;
483 1586 569 1639 25),
601 1587 760 1640 pariter
791 1590 918 1638 atque
948 1587 1132 1628 medicus
1155 1588 1207 1628 ab
1239 1589 1427 1629 omnibus
1458 1601 1549 1630 cum

177 1662 330 1714 gaudio
351 1662 554 1714 excipitur
577 1660 729 1714 (26,1).
783 1662 873 1711 Qua
903 1662 945 1702 in
977 1674 1022 1702 re
1049 1661 1126 1703 hoc
1146 1674 1227 1703 non
1249 1664 1548 1714 neglegendum

177 1749 269 1779 esse
300 1737 400 1778 mihi
432 1738 615 1786 videtur,
647 1736 757 1789 quod
796 1737 883 1785 ille,
922 1748 1181 1789 quocumque
1212 1738 1390 1789 accedit,
1431 1742 1548 1781 tutus

177 1815 241 1853 est
280 1812 332 1852 ab
369 1812 561 1853 omnibus
599 1811 738 1862 malis,
778 1823 910 1862 neque
944 1811 1173 1863 periculum
1204 1814 1269 1853 est
1299 1825 1352 1854 ne
1382 1813 1480 1865 quid
1511 1813 1549 1854 ei

177 1886 339 1928 accidat
360 1886 522 1927 adversi
543 1887 596 1927 ab
628 1886 693 1937 iis,
725 1897 829 1937 quae
856 1889 980 1926 antea
1000 1898 1093 1926 eum
1116 1887 1315 1927 servitute
1336 1899 1549 1939 oppresse-

178 1964 275 2002 runt
297 1962 420 2012 (26,2
445 1960 541 2013 sq.)
600 1961 713 2001 Haec
743 1960 965 2012 descriptio
987 1961 1109 2012 plane
1139 1961 1331 2013 congruit
1361 1973 1451 2002 cum
1483 1973 1549 2002 sa-

175 2035 315 2086 piente
333 2035 402 2077 illo
425 2034 671 2085 Stoicorum,
695 2035 779 2086 qui,
801 2034 871 2075 ubi
889 2034 1068 2085 primum
1085 2034 1332 2086 sapientiam
1355 2039 1417 2076 est
1436 2047 1548 2076 asse-

177 2112 315 2161 cutus⁷
352 2121 435 2150 non
466 2108 585 2150 modo
617 2108 722 2149 liber
753 2112 817 2149 est
847 2108 898 2148 ab
932 2120 1070 2149 errore
1101 2109 1209 2149 omni
1244 2112 1286 2150 et
1315 2109 1439 2160 vitio,
1477 2110 1546 2151 sed

176 2195 228 2224 ne
259 2183 443 2226 recidere
475 2183 640 2236 quidem
671 2187 810 2235 potest
841 2184 884 2224 in
915 2183 1094 2236 priorem
1126 2183 1390 2234 miseriamss).

291 2309 319 2353 1)
346 2310 397 2344 Cf.
423 2311 569 2345 Aristot.
595 2310 702 2345 ethic.
726 2309 861 2344 Nicom.
883 2311 1015 2343 noea:
1044 2306 1143 2342 ἔστιν
1167 2307 1209 2343 δὲ
1236 2309 1300 2343 καὶ
1323 2309 1408 2354 περὶ
1432 2305 1547 2355 ὀργὴν

174 2362 363 2412 ὑπερβολὴ
389 2366 453 2400 καὶ
480 2364 641 2411 ἔλλειψις
665 2366 729 2400 καὶ
761 2362 928 2410 μεσότης,
959 2362 1093 2409 σχεδὸν
1123 2364 1164 2400 δὲ
1196 2361 1404 2410 ἀνωνύμων
1429 2363 1548 2401 ὄντων

176 2416 300 2455 αὐτῶν
325 2418 390 2456 τὸν
421 2421 536 2466 μέσον
566 2424 688 2467 πρᾶον
719 2420 888 2466 λέγοντες
918 2416 986 2465 τὴν
1011 2417 1193 2465 μεσότητα
1223 2419 1415 2467 πραότητα
1440 2423 1546 2459 καλέ-

176 2489 300 2523 σομεν.
349 2479 400 2514 Cf.
425 2480 510 2515 ibid.
537 2480 671 2523 1125b5
698 2480 814 2514 Ethic.
838 2479 929 2513 Eud.
957 2479 1090 2522 1231b;
1120 2479 1248 2514 1220b.

291 2536 317 2580 2)
343 2536 396 2570 De
420 2537 481 2571 1110
506 2537 548 2572 cf.
575 2537 732 2571 Platonis
758 2536 890 2570 Phaed.
918 2538 1009 2570 114e
1043 2540 1078 2570 et
1102 2536 1220 2580 Epict.
1253 2536 1349 2572 Stob.
1373 2538 1470 2582 6‚50;
1505 2539 1546 2573 de

175 2593 243 2626 hoc
268 2592 455 2627 Fritzsehii
479 2593 561 2628 edit.
580 2594 683 2629 ethic.
702 2592 850 2628 Eudem.
874 2603 909 2637 p.
926 2593 1005 2636 256,
1032 2594 1163 2626 10-11
1190 2597 1224 2627 et
1241 2593 1424 2628 Schmidtii
1441 2595 1544 2630 ethic.

175 2650 192 2683 Ι
216 2661 251 2694 p.
276 2652 342 2684 329
355 2661 406 2694 sq.

168 2703 175 2714 χ
290 2708 318 2749 ⁸)
344 2708 579 2752 Chrysippum
618 2708 717 2742 illum
755 2707 895 2751 quidem
932 2707 1034 2749 Diog.
1070 2707 1184 2742 Laert,
1223 2708 1293 2742 VII
1332 2711 1396 2742 127
1436 2709 1545 2744 tradit
