1888 3170
874 166 1150 203 —72.-

332 278 407 319 bus
440 280 479 318 et
500 276 808 328 Cupiditatibus
829 275 1041 327 finguntur
1062 277 1248 319 homines
1271 278 1483 329 amplexae
1505 283 1546 319 et
1577 278 1700 320 dedu-

333 354 470 393 centes
503 351 551 391 αἱ
578 348 658 403 μὲν
689 351 749 399 εἰς
779 346 828 391 τὸ
856 346 1085 401 σώζεσθαι,
1118 352 1165 392 αἱ
1184 349 1232 392 δὲ
1258 352 1318 400 εἰς
1338 346 1386 392 τὸ
1410 346 1698 394 ἀπόλλυσθαι.

333 425 584 466 St-atuuntur
615 424 743 476 igitur
773 424 1008 486 roluptates
1039 425 1263 466 nonnullae
1294 425 1462 476 salutis,
1496 438 1578 466 non
1609 439 1701 478 per-

332 492 454 541 niciei
486 498 670 540 efficaces
701 499 842 550 itaque
872 510 954 539 non
976 499 1019 539 in
1041 499 1161 540 malis
1183 499 1475 540 numerandae.
1525 501 1573 542 Id
1594 501 1702 553 quod

333 586 422 615 cum
456 585 502 614 eo
534 585 616 615 non
647 577 827 626 pugnat,
867 573 975 626 quod
1006 585 1031 613 a
1061 573 1196 616 Stoico
1226 574 1471 626 philosopho
1504 575 1703 617 Tabulam

333 648 600 700 compositam
633 659 721 689 esse
752 647 1021 699 suspicamur.
1083 648 1227 702 Neque
1258 650 1366 689 enim
1390 650 1499 690 inter
1531 662 1576 692 se
1607 661 1703 690 con-

333 722 568 766 sentiebant
598 721 739 774 Stoici,
773 727 937 764 essetne
958 723 1101 775 utique
1121 723 1275 764 malum
1297 724 1500 775 voluptas,
1533 736 1705 776 cumque

332 798 453 840 multi
483 797 606 849 plane
636 809 727 839 eam
758 802 973 839 censerent
1005 798 1252 839 reiciendam
1286 810 1388 848 esse,
1421 799 1493 839 alii
1515 803 1555 840 et
1575 799 1704 840 bonas

333 877 375 914 et
404 873 536 914 malas
566 873 802 924 voluptates
835 884 925 915 esse
955 872 1205 926 volebant.1)
1266 874 1511 915 Panaetium
1541 874 1706 927 quidem

333 947 442 989 Sext.
474 947 629 998 Empir.
663 947 753 988 adv.
787 946 914 988 math.
941 947 1000 988 XI
1024 951 1076 989 73
1107 948 1238 990 tradit
1268 948 1466 989 statuisse
1495 942 1593 989 τινὰ
1627 946 1706 1001 μὲν

334 1016 502 1075 ἡδονὴν
543 1016 651 1062 κατὰ
681 1018 820 1075 φύσιν
858 1016 1090 1076 ὑπάρχειν,
1136 1017 1233 1064 τινὰ
1267 1020 1315 1063 δὲ
1345 1018 1462 1075 παρὰ
1506 1019 1706 1076 φύσινῆ

334 1093 662 1148 Cupiditatum3)
708 1107 732 1135 a
781 1095 930 1138 Stoicis
980 1097 1133 1138 alteras
1183 1097 1332 1149 bonas,
1378 1097 1530 1138 alteras
1576 1097 1707 1139 malas

333 1170 496 1211 habitas
527 1182 619 1212 esse
650 1182 852 1223 nusquam
882 1171 1062 1212 invenio.
1123 1172 1254 1212 Immo
1295 1172 1546 1224 cupiditates
1583 1184 1708 1224 quam

333 1246 511 1287 maxime
541 1244 758 1297 fugiendas
790 1257 878 1287 esse
911 1244 1144 1287 Stoicorum
1184 1247 1392 1288 sententia
1433 1258 1595 1298 omnes,
1638 1247 1707 1300 qui

335 1319 384 1362 de
428 1320 592 1362 illorum
638 1321 802 1372 placitis
853 1325 1151 1372 exposuerunt,
1196 1325 1325 1363 testes
1370 1325 1480 1362 sunt.
1553 1321 1709 1363 Tamen

334 1395 473 1437 nescio
499 1407 553 1437 an
574 1395 625 1437 ad
647 1395 828 1436 auctoris
853 1406 984 1448 genus
1007 1395 1214 1437 scribendi
1233 1395 1282 1436 ab
1307 1399 1500 1437 accurata
1522 1395 1710 1437 doctrina

335 1470 562 1512 abhorrens
607 1470 842 1522 conveniat,
889 1473 936 1512 ut
983 1471 1166 1512 Zellerus
1213 1470 1403 1512 dist-inxit
1453 1471 1710 1522 voluptatem

334 1545 482 1587 latiore
513 1543 815 1595 significatione
837 1544 1114 1597 accipiendam
1139 1545 1190 1586 ab
1213 1557 1259 1586 ea
1282 1545 1507 1597 voluptate,
1540 1557 1645 1601 quae
1666 1545 1710 1590 in

335 1618 548 1661 affectibus
580 1623 839 1672 numeratur,
885 1620 943 1661 sic
974 1620 1049 1662 hoc
1092 1620 1179 1662 loco
1223 1624 1408 1661 statuere
1442 1620 1709 1673 cupiditatem

336 1705 418 1734 non
451 1693 712 1736 affectionem
745 1694 872 1736 animi
903 1694 1097 1736 vitiosam
1128 1694 1446 1746 intellegendam
1489 1706 1597 1746 esse,
1640 1694 1712 1736 sed

336 1769 463 1810 latius
507 1773 649 1821 patere
695 1773 736 1810 et
781 1769 891 1810 idem
931 1768 1017 1810 fere
1048 1766 1281 1820 significare
1318 1769 1427 1821 quod
1465 1768 1711 1820 „studium“.

451 1955 478 1999 1)
504 1955 540 1990 Si
564 1960 657 1990 recte
676 1955 930 1991 Wellmannius
948 1955 971 1990 1.
989 1956 1011 1990 l.
1031 1957 1096 1990 449
1109 1966 1161 2000 sq.
1186 1957 1308 1991 statuit
1326 1958 1495 1992 acriorem
1520 1957 1617 1992 illam
1634 1968 1711 1993 sen-

337 2014 483 2049 tentiam
508 2013 551 2048 iis
575 2012 698 2047 Stoicis
723 2012 918 2057 placuisse,
944 2013 1003 2057 qui
1033 2023 1137 2057 quam
1163 2014 1312 2048 maxime
1336 2025 1493 2058 pugnare
1524 2015 1714 2050 studebant

339 2082 418 2107 cum
445 2070 593 2114 Epicuri
625 2070 747 2105 schola
773 2070 953 2104 etiamtum
978 2069 1234 2113 efflorescente,
1258 2072 1447 2107 imminutis
1464 2077 1578 2106 autem
1603 2071 1714 2106 inimi-

342 2129 433 2164 citiis
457 2128 671 2172 posteriores
692 2127 800 2161 fuisse
825 2128 985 2170 leniores,
1010 2139 1136 2162 novum
1154 2128 1446 2172 deprehendimus
1470 2130 1645 2172 indicium,
1671 2139 1714 2163 ex

339 2196 407 2230 quo
433 2185 625 2220 recentiore
651 2188 764 2218 aetate
790 2183 962 2219 Tabulam
987 2186 1222 2229 conscriptam
1248 2196 1322 2220 esse
1348 2187 1449 2220 liceat
1476 2187 1656 2230 suspicari.

454 2252 480 2297 2)
506 2254 713 2288 Accuratius
730 2254 758 2288 si
773 2254 978 2298 inspexeris,
998 2255 1156 2289 Panaetii
1166 2256 1372 2290 sententiam
1391 2257 1436 2290 ab
1455 2256 1714 2300 antiquioribus

339 2310 464 2345 Stoicis
489 2321 558 2344 non
583 2311 783 2354 discrepare
808 2311 862 2345 his
888 2311 971 2346 dicit
998 2311 1155 2346 Zellerus
1182 2312 1249 2353 (III
1276 2315 1290 2345 1
1325 2324 1357 2356 p.
1385 2315 1450 2347 505
1477 2325 1509 2348 n.
1535 2315 1584 2354 4):
1624 2324 1712 2357 „nur

338 2378 439 2402 wenn
464 2378 543 2401 man
568 2372 672 2401 unter
697 2368 756 2402 der
783 2367 872 2402 Lust
896 2368 943 2401 im
969 2378 1117 2410 engeren
1143 2368 1246 2403 Sinne
1280 2369 1345 2403 den
1370 2369 1484 2405 Affect
1509 2370 1568 2404 der
1594 2362 1713 2414 ἡδονή

341 2424 510 2468 versteht,
534 2425 580 2459 ist
605 2424 665 2468 sie,
691 2425 754 2459 wie
775 2424 874 2468 jeder
899 2424 1029 2468 Affekt,
1054 2425 1315 2468 naturwid1·ig“.

457 2492 484 2536 3)
513 2493 588 2536 Quo
614 2493 691 2528 loco
727 2493 855 2528 iterum
889 2494 1042 2528 occurrit
1078 2493 1166 2527 illud
1193 2489 1378 2539 ἐπιθυμία
1414 2506 1483 2530 non
1518 2497 1553 2530 in
1588 2497 1716 2532 malam

338 2554 477 2594 partem
494 2550 746 2595 accipiendum,
771 2561 811 2586 eo
838 2557 932 2586 recte
957 2561 978 2586 a
1005 2551 1181 2586 Drosihno
1209 2551 1361 2586 deletum
1379 2563 1452 2587 esse
1468 2554 1553 2587 mihi
1577 2554 1715 2589 videtur

342 2608 475 2652 (11,1);
502 2608 659 2652 sequitur
684 2608 777 2643 enim
810 2608 982 2651 singulari
1017 2619 1162 2643 numero
1196 2605 1263 2653 τὴν
1289 2605 1468 2654 ἄγουσαν,
1494 2611 1587 2655 quod
1612 2617 1646 2645 et
1671 2611 1716 2646 ad

339 2664 426 2698 illud
452 2661 568 2708 δόξαν
595 2670 629 2700 et
655 2665 700 2699 ad
725 2665 813 2700 illud
841 2661 1050 2710 ἐπιθυμίαν
1074 2665 1199 2700 referri
1223 2666 1323 2700 nullo
1348 2672 1450 2711 pacto
1475 2672 1601 2711 potest.
