1888 3170
857 203 1170 241 —116—

327 323 450 363 quam
485 315 532 352 ut
563 313 842 362 exemplorum
864 313 1129 354 multitudine
1152 320 1349 366 congesta
1369 321 1575 367 quatenus
1600 330 1697 358 usus

327 398 352 426 a
384 386 519 426 bonae
551 383 802 426 Graecitatis
847 388 1142 428 consuetudine
1184 389 1382 430 recedens
1425 392 1585 432 auctori
1622 392 1695 431 im-

325 460 464 511 putari
493 464 639 511 possit,
674 461 797 501 liceat
819 466 1017 502 statuere.
1080 462 1236 503 Tamen
1258 463 1335 503 viri
1363 464 1474 504 docti
1505 465 1565 504 illi
1586 470 1697 506 recte

325 534 472 574 fecisse
511 535 611 575 mihi
643 535 838 575 videntur
874 536 982 586 quod
1021 537 1358 578 emendaverunt.
1411 537 1555 579 Priore
1587 539 1695 579 enim

325 610 414 650 loco
447 606 548 649 illud
571 604 643 649 ὅτε
674 610 737 649 vel
760 621 809 649 ea
831 621 876 650 re
897 610 1222 656 commendatur,
1255 611 1361 663 quod
1384 612 1559 653 causalis
1583 613 1712 653 notio‘

324 683 506 724 obtinet:
540 682 592 723 Et
623 682 721 734 quid
753 682 829 723 hoc
860 684 919 725 eis
949 684 1119 735 prodest
1153 683 1273 734 (nihil
1295 684 1371 726 hoc
1401 687 1460 727 eis
1492 685 1693 738 prodest),

321 758 517 809 quoniam
548 759 700 800 multos
733 759 830 801 licet
857 759 1049 800 videre..
1071 760 1090 799 ‘?
1121 773 1246 812 quam
1279 758 1385 802 ὅταν
1409 761 1691 802 coniunctioni

321 833 489 874 subesse
520 845 641 885 posse
663 833 914 886 Thucydidis
950 838 984 884 1,
1007 837 1099 884 141,
1121 838 1200 875 142
1233 835 1460 886 declarant,
1494 836 1565 876 sed
1587 833 1693 876 ὅταν

319 907 397 948 hac
437 906 741 958 significatione
784 909 1018 959 rarissime,
1065 904 1135 950 ὅτε
1175 911 1418 961 saepissime
1457 909 1692 951 adhibetur.

319 980 435 1022 Adde
491 982 599 1033 quod
647 978 753 1023 ὅταν
805 987 848 1024 et
894 978 963 1024 ὅτε
1016 996 1088 1035 per
1144 984 1481 1025 abbreviaturam
1534 985 1690 1036 scripta

317 1054 514 1096 facillime
551 1056 660 1097 inter
697 1069 740 1097 se
772 1056 1144 1098 confundebantur.
1219 1058 1327 1099 Huic
1364 1062 1502 1099 autem
1535 1058 1624 1100 loco
1657 1060 1692 1099 si

318 1130 651 1172 emendationem
675 1131 880 1181 admoves,
913 1144 1019 1173 unus
1042 1132 1224 1183 reliquus
1255 1137 1331 1183 est,
1364 1145 1444 1185 quo
1468 1128 1574 1173 ὅταν
1600 1144 1691 1173 cum

315 1205 542 1247 indicativo
588 1206 885 1257 coniungatur,
933 1218 1023 1246 cum
1068 1210 1227 1257 septem
1271 1207 1370 1248 locis
1413 1206 1548 1257 (40,1;
1593 1210 1690 1257 31‚4

315 1280 398 1329 bis,
434 1283 528 1330 31,2
562 1281 644 1330 bis,
682 1284 797 1332 14,4;
834 1281 945 1331 16,4)
978 1293 1050 1331 ea,
1082 1292 1187 1332 quae
1218 1281 1342 1331 solet,
1376 1287 1589 1323 structura
1619 1281 1689 1322 ob-

313 1354 459 1395 tineat.
521 1355 668 1406 Itaque
707 1354 850 1395 dubito
891 1367 943 1394 an
977 1354 1176 1395 audacius
1214 1367 1295 1395 non
1335 1356 1390 1396 sit
1427 1355 1493 1397 hic
1528 1367 1689 1408 quoque

314 1429 533 1480 corrigere.
545 1428 576 1479 ¹)

428 1503 544 1544 Haec
580 1503 726 1552 habui,
769 1503 819 1543 de
857 1503 1019 1544 ratione
1059 1503 1167 1544 inter
1208 1505 1390 1556 optimae
1433 1504 1687 1546 Graecitatis

314 1578 541 1629 scriptores
577 1582 619 1619 et
659 1577 873 1627 Cebetem,
916 1578 1232 1628 grammaticam
1271 1579 1304 1619 si
1337 1585 1525 1630 spectas,
1559 1580 1686 1621 inter-

314 1653 486 1694 cedente
524 1664 631 1704 quae
672 1651 908 1703 dicerem.²)
950 1652 1086 1703 Atque
1127 1661 1260 1704 pauca
1291 1665 1400 1703 esse,
1442 1653 1592 1705 quibus
1633 1654 1685 1695 ab

430 1822 456 1865 l)
484 1821 807 1864 Schweighaeuseri
847 1821 1080 1854 coniecturam
1123 1821 1348 1863 praetulerim
1382 1822 1562 1856 scribentis
1594 1816 1685 1855 ὅταν

309 1876 358 1923 μὴ
392 1876 627 1921 ἐπίστωνται,
656 1878 787 1922 quippe
812 1887 901 1920 quae
926 1877 1105 1920 minorem,
1131 1888 1233 1920 quam
1261 1878 1432 1922 Sauppei,
1456 1879 1685 1914 mutationem

308 1938 477 1981 requirat.

428 2004 454 2049 2)
481 2007 558 2048 31,4
584 2005 619 2038 in
646 2004 814 2039 Drosihni
847 2004 997 2038 editione
1030 2003 1115 2046 legis
1142 1998 1201 2047 ἐφ’
1227 1998 1254 2049 ᾧ
1280 1998 1395 2037 ούδὲν
1420 2001 1593 2047 κωλύειν,
1624 2006 1683 2039 ubi

306 2063 394 2097 illud
421 2056 536 2096 οὐδέν
569 2072 648 2095 cum
673 2061 786 2095 bonae
813 2060 1023 2094 Graecitatis
1056 2070 1120 2094 usu
1144 2066 1297 2103 pugnat,
1330 2070 1401 2103 qua
1426 2070 1464 2094 re
1487 2061 1682 2096 Jerramius

305 2131 345 2155 eo
380 2121 505 2154 ductus
543 2125 613 2162 est,
653 2125 691 2152 ut
726 2118 923 2154 emendaret
955 2115 1084 2161 μηδέν.
1142 2117 1209 2151 Sed
1244 2118 1443 2152 emendatio
1475 2119 1614 2153 facilior
1645 2120 1681 2153 in

309 2183 480 2221 promptu
505 2183 568 2212 est.
619 2176 726 2211 Codd.
759 2176 849 2209 enim
882 2176 1002 2218 optimi
1034 2175 1220 2218 praebent:
1256 2169 1315 2218 ἐφ’
1342 2169 1369 2220 ᾧ
1396 2170 1510 2209 οὐδὲν
1534 2172 1681 2219 κωλύει,

307 2235 504 2268 deteriores
536 2234 604 2269 duo
633 2228 691 2277 ἐφ’
718 2228 744 2278 ᾧ
772 2228 886 2266 οὐδὲν
912 2228 1070 2266 κωλύειν
1097 2232 1230 2275 (Muell.
1257 2243 1290 2275 p.
1317 2234 1383 2271 54).
1434 2233 1604 2276 Equidem
1629 2235 1680 2269 ita

311 2292 580 2334 emendaverim,
605 2296 645 2325 ut
672 2290 818 2325 scribam
844 2286 1018 2330 κωλύσεις
1045 2289 1144 2323 indic.
1164 2290 1253 2323 enim
1273 2290 1337 2323 fut.
1355 2291 1449 2333 apud
1467 2290 1553 2323 illud
1575 2285 1634 2333 ἐφ’
1652 2283 1679 2336 ᾠ

303 2349 506 2392 saepissime
537 2348 730 2391 invenitur;
765 2342 810 2380 ού
836 2348 1038 2390 appositum
1071 2351 1124 2381 est
1148 2346 1278 2380 Herod.
1311 2348 1348 2389 3,
1374 2348 1434 2381 83:
1473 2343 1534 2380 ἐπὶ
1557 2344 1677 2394 τούτῳ

307 2401 557 2449 ὑπεξίσταμαι
591 2406 657 2448 τῆς
690 2399 823 2447 ἀρχῆς,
863 2398 917 2437 ἐπ’
953 2398 1019 2449 ᾧτε
1057 2397 1118 2436 ὑπ’
1158 2397 1316 2442 οὐδενὸς
1348 2399 1474 2447 ὑμέων
1507 2399 1677 2447 ἄρξομαι.

420 2464 495 2504 14,9
507 2457 589 2495 τότε
606 2456 653 2494 ἄν
668 2455 765 2494 οὕτω
785 2456 1039 2503 σωθήσονται;
1059 2460 1102 2494 cf.
1118 2461 1206 2502 39,4.
1222 2459 1419 2503 Sauppeius
1433 2460 1608 2494 emendari
1622 2471 1678 2494 vo-

301 2510 367 2553 luit
387 2515 469 2553 τότε
490 2515 535 2562 δὴ
557 2512 654 2551 οὕτω
672 2545 678 2551 .
695 2545 702 2552 .
719 2545 725 2551 .
779 2518 828 2552 De
846 2518 912 2552 hac
926 2527 964 2550 re
982 2516 1026 2550 cf.
1046 2516 1283 2560 Schmidtium,
1301 2517 1342 2550 de
1360 2528 1425 2551 oni.
1443 2517 1536 2560 apud
1555 2522 1625 2560 opt.
1644 2522 1677 2550 et

301 2577 389 2610 coni.
409 2571 457 2609 ἄν
475 2576 600 2619 partic.
625 2586 745 2610 comni.
764 2585 798 2617 p.
815 2575 847 2615 9,
869 2574 912 2607 de
929 2578 1031 2607 tract.
1060 2577 1149 2616 synt.
1169 2573 1292 2606 Gracc.
1311 2578 1377 2607 rat.
1392 2583 1512 2607 comm.
1531 2583 1565 2615 p.
1580 2573 1674 2606 XIV.

419 2634 458 2666 In
484 2644 549 2667 usu
575 2631 825 2666 vocabulorum
854 2624 973 2672 ὥσπερ
1007 2636 1038 2662 et
1064 2625 1239 2671 καθάπερ
1268 2629 1374 2664 Cebes
1399 2630 1573 2664 consentit
1597 2640 1674 2663 cum

299 2691 480 2733 prioribus
522 2690 680 2725 Platonis
725 2689 865 2731 scriptis
908 2687 964 2729 (cf.
1004 2686 1313 2728 Dittenbergerum
1352 2687 1470 2721 Herm.
1509 2688 1593 2721 XVI
1618 2689 1671 2729 3):
