1888 3170
915 217 1197 255 -13—

369 329 516 371 tollere
547 327 684 368 conati
716 330 826 368 sunt.
889 327 1007 368 Unus
1029 327 1250 370 Feurlinus
1282 329 1444 370 neutris
1475 341 1518 371 se
1549 329 1740 381 adiungit

369 407 495 454 atque
527 401 740 443 contendit
763 400 905 443 Cebeti
928 401 1138 444 Socratico
1161 403 1400 445 Aristotelis
1430 403 1634 444 familiam
1665 416 1738 456 po-

368 477 499 518 tuisse
542 476 810 517 innotescere.
873 475 1016 528 Neque
1056 477 1166 518 enim
1203 481 1412 528 constare,
1451 477 1600 530 quibus
1637 482 1741 520 tem-

366 551 537 602 poribus
568 550 938 602 Peripateticorum
969 556 1081 593 secta
1113 552 1168 593 sit
1199 552 1386 602 condita,
1432 564 1524 593 cum
1566 553 1739 594 chrono-

366 625 495 677 logia,
539 636 645 676 quae
687 625 728 666 in
771 625 1112 677 philosophorum
1152 627 1409 678 temporibus
1452 627 1738 668 examinandis

365 703 568 749 versatur,
601 698 773 740 minime
805 699 861 740 sit
889 703 1015 741 certa.
1077 701 1133 742 At
1155 701 1203 742 de
1224 701 1302 741 hac
1334 700 1500 752 quidem
1532 712 1576 741 re
1607 700 1738 742 ambi-

364 784 463 825 gere
509 785 591 814 non
633 785 865 825 possumus.
927 774 1069 826 Ipsum
1114 775 1380 817 Aristotelem
1422 774 1525 816 nihil
1566 774 1739 826 impedit

364 847 463 898 quin
489 846 632 888 Cebeti
654 851 798 889 notum
822 847 950 890 fuisse
973 853 1219 890 statuamus.
1281 849 1443 901 Viginti
1465 848 1573 890 enim
1605 861 1738 891 annos

364 920 433 961 ille
475 920 693 963 Platonem
737 922 910 964 audiens
954 923 1130 965 Athenis
1177 927 1456 965 commoratus
1501 927 1566 964 est
1611 923 1737 975 (teste

364 995 613 1047 Apollodoro
629 996 737 1047 apud
757 996 875 1048 Diog.
892 997 1031 1038 Laert.
1057 1000 1123 1048 5‚9
1147 1009 1277 1039 annos
1300 998 1558 1048 367—347).
1592 997 1627 1038 A
1643 998 1736 1038 vivo

362 1071 578 1112 etiamtum
610 1070 786 1112 Platone
822 1083 916 1112 eum
948 1071 1150 1113 defecisse
1181 1072 1320 1124 prodit
1340 1072 1594 1124 Hermippus
1626 1072 1736 1123 apud

362 1145 481 1197 Diog.
514 1145 654 1188 Laert.
691 1149 770 1197 5,2.
832 1146 912 1188 Sed
948 1146 1056 1188 idem
1087 1148 1206 1189 testis
1239 1151 1302 1189 est
1333 1147 1374 1188 in
1409 1147 1545 1200 Lyceo
1577 1146 1737 1188 scholas

363 1219 565 1262 habuisse
611 1221 878 1262 Aristotelem
939 1226 1102 1264 mortuo
1161 1223 1325 1264 demum
1390 1221 1582 1272 Platone,
1644 1233 1735 1262 cum

359 1293 621 1336 Xenocrates
669 1294 780 1336 illius
816 1295 999 1337 familiae
1033 1302 1245 1347 praeesset
1278 1296 1416 1348 (Diog.
1451 1295 1588 1337 Laert.
1634 1295 1733 1347 5,2).

358 1368 615 1410 Xenocrates
656 1373 797 1410 autem
831 1369 1106 1422 Speusippum
1141 1374 1308 1412 secutus
1340 1370 1578 1412 academiae
1609 1374 1735 1422 caput

359 1442 494 1484 factus
528 1448 590 1485 cst
622 1443 673 1485 ol.
715 1447 835 1495 110‚2
877 1448 985 1486 teste
1017 1445 1203 1496 Diogene
1234 1445 1405 1487 Laertio
1437 1449 1528 1496 4,1;
1572 1448 1641 1496 14;
1681 1445 1733 1486 ol.

362 1520 483 1569 110,3
516 1522 625 1560 teste
657 1519 851 1560 Eusebio.
914 1520 1063 1571 Itaque
1095 1524 1190 1561 ante
1221 1532 1376 1561 annum
1411 1523 1490 1561 339
1513 1531 1549 1560 a.
1574 1518 1666 1561 Chr.
1691 1532 1731 1560 n.

357 1591 729 1645 Peripateticorum
768 1597 882 1636 secta
920 1606 1001 1635 non
1040 1598 1104 1636 est
1135 1594 1316 1636 condita.
1378 1592 1546 1636 Certum
1577 1606 1733 1635 annum

355 1667 494 1719 prodit
543 1668 842 1720 Apollodorus,
895 1669 964 1721 qui
1015 1668 1116 1710 dicit
1167 1668 1456 1719 Aristotelem,
1509 1672 1732 1721 postquam

355 1741 542 1783 Athenas
574 1742 758 1784 venisset
787 1755 811 1783 a
843 1754 880 1783 a.
916 1742 1010 1784 Chr.
1053 1754 1091 1782 n.
1127 1745 1228 1793 335,
1272 1742 1473 1784 tredecim
1515 1754 1646 1784 annos
1689 1743 1732 1783 in

358 1816 492 1869 Lyceo
525 1815 864 1869 philosophatum
895 1828 986 1858 esse
1017 1816 1155 1867 (Diog.
1182 1815 1310 1867 5,10).
1371 1815 1448 1858 His
1481 1816 1730 1858 testimoniis

354 1903 436 1932 non
480 1895 544 1932 est
595 1903 666 1932 cur
707 1890 829 1934 fidem
873 1891 1131 1944 derogemus.
1208 1891 1325 1941 Quod
1369 1902 1467 1932 vero
1509 1890 1730 1932 Feurlinus

355 1978 392 2017 p.
428 1967 479 2006 33
512 1965 572 2006 sic
603 1970 938 2018 argumentatur:
982 1966 1215 2017 „Ponamus
1247 1964 1464 2006 Platonem
1504 1977 1599 2006 mox
1636 1969 1731 2017 post

354 2039 512 2082 obitum
536 2039 719 2082 Socratis
752 2041 957 2083 absolutis
988 2040 1223 2092 itineribus,
1255 2039 1404 2092 quibus
1436 2051 1508 2081 sex
1539 2039 1730 2091 assigna-

354 2114 488 2155 bimus
520 2127 670 2166 annos,
704 2114 939 2156 condidisse
970 2119 1126 2157 sectam
1159 2126 1297 2165 suam,
1331 2114 1598 2155 Aristotelem
1630 2126 1728 2156 vero

353 2189 395 2230 in
439 2190 629 2231 doctrina
673 2189 861 2232 Platonis
904 2195 945 2232 et
987 2202 1115 2243 penes
1155 2189 1437 2231 Alexandrum
1479 2189 1534 2230 M.
1577 2189 1728 2242 viginti

352 2275 642 2316 perseverasse
683 2277 835 2316 annos,
877 2265 1005 2306 donec
1044 2265 1133 2317 ipse
1175 2268 1314 2306 sectae
1354 2263 1727 2315 Peripateticorum

353 2339 557 2389 originem
589 2339 761 2389 dederit,
792 2351 994 2391 ponamus
1013 2338 1210 2381 Cebetem
1228 2342 1281 2380 40
1304 2349 1434 2380 annos
1453 2340 1614 2389 natum,
1633 2349 1726 2379 cum

353 2411 546 2455 Socrates
577 2418 821 2465 moreretur,
855 2413 906 2455 ad
938 2412 1233 2465 octogesimum
1254 2424 1385 2465 usque
1407 2424 1562 2454 annum
1583 2423 1725 2465 super-

352 2486 493 2539 fuisse,
525 2491 624 2529 tunc
656 2487 761 2528 nihil
783 2487 953 2529 absurdi
975 2491 1206 2529 statuemus
1229 2486 1431 2528 asserturi
1454 2485 1609 2538 Cebeti,
1632 2498 1724 2527 cum

352 2561 701 2615 septuagenarius
718 2562 799 2603 iam
817 2566 940 2613 esset,
963 2561 1265 2614 Peripateticos
1282 2561 1461 2613 primum
1479 2560 1722 2611 innotuisse,

352 2641 477 2689 atque
507 2648 599 2677 cum
631 2648 724 2677 mox
751 2639 849 2677 ante
871 2636 1028 2677 obitum
1050 2635 1244 2676 Pinacem
1268 2635 1598 2687 conscripsisset,
1631 2645 1722 2676 eos-

351 2710 443 2750 dem
475 2712 514 2751 in
547 2710 691 2752 eodem
713 2710 1100 2760 commemorasse“,
1134 2710 1296 2751 videtur
1328 2708 1396 2750 ille
1427 2721 1508 2750 non
1531 2708 1650 2750 modo
1672 2708 1723 2749 de
