1888 3170
891 204 1171 242 —20-

346 318 512 368 praeter
558 313 653 366 M.¹)
706 314 833 355 etiam
879 314 1059 366 optimus
1106 314 1233 357 codex
1278 315 1325 355 A.
1373 317 1415 355 et
1450 327 1500 356 ex
1541 327 1711 356 numero

344 390 594 431 deteriorum
625 389 674 429 D.
693 389 896 440 praebent
916 388 1239 442 περιπατικοίῖ),
1272 393 1412 430 tamen
1443 389 1521 431 hoc
1550 389 1711 431 librarii

343 465 474 505 errori
505 463 771 504 tribuendum
814 475 904 504 esse
942 464 1134 505 arbitror.
1199 463 1318 513 Quod
1360 472 1457 505 vero
1488 464 1548 505 illi
1580 467 1711 516 Περι-

342 538 586 589 πατητικοί,
631 537 741 588 quod
771 541 910 581 exstat
941 538 983 578 in
1015 538 1162 579 ceteris
1206 538 1342 588 libris,
1387 537 1559 578 eandem
1596 538 1710 579 illam

344 612 553 652 notionem
576 611 747 652 subesse
771 612 860 652 vult
882 610 1308 664 Schweighaeuserus,
1341 615 1454 653 recte
1481 612 1564 653 iam
1586 612 1710 652 Feur-

344 686 452 727 linus
484 690 751 737 exposuerat,
798 685 849 727 iis
881 686 999 737 locis,
1040 687 1188 739 quibus
1226 687 1323 728 talis
1361 686 1540 738 suspicio
1578 686 1711 738 primo

345 760 493 801 obtutu
526 760 642 800 nasci
664 764 815 812 potest,
848 760 951 801 nihil
981 761 1162 812 probari.
1222 761 1365 813 Neque
1398 760 1505 802 enim
1538 771 1711 812 usquam

340 836 441 887 ipsis
464 835 601 876 verbis
624 835 731 875 alius
753 834 939 877 familiae
961 835 1235 878 sectatoribus
1252 835 1355 876 illud
1372 847 1521 876 nomen
1539 836 1710 886 inditur,

340 910 413 951 sed
443 909 676 962 philosophi
705 910 886 962 quidam,
919 923 1021 963 quos
1043 911 1136 953 aliis
1159 910 1309 952 scholis
1332 910 1562 962 adscriptos
1583 910 1711 952 fuisse

340 985 511 1034 scimus,
555 983 661 1025 falso
698 985 739 1025 in
779 985 1060 1027 Aristotelicis
1102 989 1390 1027 numerantur.
1461 986 1578 1035 Quod
1613 997 1710 1026 vero

340 1059 606 1101 Menedemus
647 1060 818 1113 eiusque
859 1060 1052 1113 discipuli
1089 1061 1200 1113 apud
1230 1060 1459 1112 Diogenem
1497 1061 1709 1102 Laertium

338 1134 395 1185 lI,
430 1137 509 1175 130
541 1134 661 1176 1110ᾰο
694 1134 899 1186 sedentes,
932 1135 1052 1176 modo
1074 1135 1336 1176 ambulantes
1360 1133 1557 1177 dicuntur
1578 1136 1709 1188 philo-

340 1208 510 1260 sophiae
531 1221 715 1260 vacasse,
739 1209 833 1250 inde
851 1221 971 1250 nemo
990 1222 1116 1251 sanus
1134 1210 1312 1262 colliget,
1334 1207 1711 1263 Περιπατητικούς

339 1294 408 1324 eos
448 1288 618 1325 vocatos
663 1296 769 1326 esse.
831 1285 967 1336 Adde,
1012 1285 1119 1337 quod
1159 1285 1236 1327 hoc
1276 1286 1365 1326 loco
1402 1289 1570 1337 propter
1608 1286 1710 1326 illud

337 1359 444 1410 quod
458 1353 914 1410 praecedit‘Hdovmor'
921 1360 1170 1412 requirimus
1187 1372 1335 1401 nomen
1345 1363 1484 1401 certae
1498 1359 1708 1401 cuiusdam

337 1438 488 1484 sectae,
521 1446 602 1475 non
639 1434 844 1485 „cuiusvis
876 1434 1216 1476 scholasticorum
1250 1434 1455 1485 generis“.

450 1509 512 1549 Ex
557 1509 620 1549 his
669 1509 926 1560 intellegitur
972 1521 1119 1550 novam
1166 1509 1272 1550 hanc
1321 1509 1708 1561 interpretationem

336 1583 588 1624 reiciendam
620 1595 722 1624 esse.
784 1583 971 1624 Alteram
1002 1583 1112 1624 viam
1144 1584 1323 1635 ingressi
1356 1587 1453 1624 sunt
1475 1582 1707 1633 Fabricius,

336 1657 587 1707 Bruckerus,
610 1656 847 1709 Klopferus,
874 1657 945 1708 qui
968 1656 1157 1698 delendis
1187 1656 1465 1708 compluribus
1493 1656 1708 1698 vocabulis

335 1732 444 1773 hunc
489 1732 623 1773 locum
668 1744 818 1773 sanare
865 1730 1215 1782 offensionemque
1259 1731 1403 1772 tollere
1447 1731 1707 1773 studuerunt.

334 1806 398 1847 Ne
428 1807 650 1849 Feurlinus
694 1807 859 1858 quidem
892 1806 1069 1857 resistit,
1108 1818 1159 1847 ne
1191 1818 1255 1857 ea,
1299 1806 1448 1859 quibus
1486 1805 1708 1847 difficultas

335 1882 534 1932 nascitur,
558 1881 774 1931 eiciantur,
797 1893 1047 1934 quamquam
1067 1879 1378 1932 interpretando
1395 1891 1518 1931 quam
1536 1879 1707 1922 delendo

334 1957 495 1998 mavult
531 1956 626 1997 huic
665 1956 754 1997 loco
798 1967 1051 1997 succurrere.
1118 1955 1255 2008 Atque
1285 1955 1505 1997 Fabricius
1542 1955 1706 2008 quidem

335 2031 414 2072 duo
446 2030 517 2071 illa
549 2029 763 2081 vocabula,
796 2030 839 2070 in
870 2030 1020 2082 quibus
1043 2029 1219 2070 maxime
1241 2028 1437 2081 offendas,
1464 2023 1707 2080 Ἡδονικοί,

334 2107 687 2158 Περιπατητικοί,
705 2104 996 2157 interpolatori
1011 2104 1170 2154 tribuit,
1182 2104 1215 2145 F
1217 2104 1400 2146 eurlinus
1417 2109 1459 2145 et
1468 2104 1707 2146 Bruckerus

334 2181 416 2221 tria
452 2180 554 2221 haec
573 2175 823 2232 ΕΗὸουικοί,
855 2180 1210 2231 Περιπατητικοί,
1233 2181 1453 2230 Κριτικοί;
1484 2177 1707 2231 Klopferus

334 2260 496 2307 contra,
529 2268 651 2309 quem
695 2267 821 2308 supra
850 2255 894 2296 in
926 2254 1098 2296 delendo
1136 2254 1398 2295 audaciorem
1431 2266 1475 2295 se
1506 2255 1706 2306 praebere

334 2330 615 2382 cognovimus,
649 2331 786 2372 onmia
818 2329 921 2371 haec
951 2328 1166 2379 vocabula,
1199 2330 1405 2379 Ποιηταί,
1431 2322 1677 2382 Ῥήτορες..
1695 2360 1704 2369 .

449 2431 483 2476 ¹)
510 2431 646 2467 Codicis
679 2431 739 2474 qui
763 2430 942 2465 ferebatur
979 2429 1026 2463 M.
1062 2428 1307 2463 auctoritatem
1344 2428 1455 2464 firmis
1490 2429 1706 2472 argumentis

334 2489 499 2524 convellit
517 2489 711 2524 Muellerus
730 2489 760 2522 d.
777 2499 809 2525 a.
827 2499 876 2523 cr.
894 2499 928 2532 p.
950 2489 990 2521 19
1009 2497 1071 2531 sq.,
1096 2486 1157 2529 qui
1182 2496 1259 2520 cum
1278 2496 1402 2529 neque,
1427 2486 1486 2520 ubi
1510 2487 1566 2530 sit,
1592 2496 1705 2530 neque

333 2558 416 2581 num
441 2548 581 2582 omnino
606 2557 753 2591 usquam
777 2546 885 2580 fuerit
916 2545 977 2579 ille
1002 2544 1111 2579 codex
1135 2543 1314 2587 explorari
1339 2544 1466 2589 possit,
1498 2544 1574 2578 iure
1599 2548 1705 2588 negat

333 2605 438 2639 aliter
472 2610 579 2648 atque
616 2603 827 2639 coniecturis
863 2603 913 2636 eis
951 2601 1176 2643 lectionibus,
1208 2611 1299 2643 quae
1331 2611 1373 2634 ex
1409 2601 1470 2635 illo
1495 2601 1703 2643 afferuntur,

332 2662 498 2698 utendum
523 2673 608 2698 esse.

447 2719 479 2764 ²)
505 2720 666 2764 Mueller,
690 2731 724 2764 p.
749 2723 804 2755 22.
