1888 3170
869 161 1152 198 ...5ss—

327 271 488 312 nastica
521 274 562 311 et
592 269 789 321 graphica
821 270 984 312 omissis
1016 275 1159 313 aetate
1191 272 1468 313 Alexandrina
1500 273 1571 313 illa
1602 277 1695 314 tan—

327 357 450 398 quam
492 355 633 385 norma
674 343 835 385 exstitit
873 344 1136 397 eruditionis,
1177 359 1259 399 qua
1292 350 1446 398 septem
1479 346 1543 387 his
1575 347 1695 387 disci-

327 419 452 471 plinis
498 430 602 469 puer
644 420 735 458 erat
779 417 1081 460 instituendus:
1133 421 1426 471 grammatica,
1474 420 1694 470 rhetorica,

332 493 571 542 dialectica,
611 492 786 542 musica,
828 491 1110 543 arithmetica,
1151 494 1395 545 geometria,
1429 493 1694 534 astronomia.

328 567 431 608 Tum
473 566 637 607 demum
677 565 794 606 illum
837 565 981 606 orbem
1021 565 1251 608 confectum
1298 568 1501 619 certisque
1545 566 1697 608 finibus

329 641 563 682 universam
595 651 816 692 puerorum
847 640 1122 682 eruditionem
1146 641 1500 693 circumscriptam
1523 653 1613 683 esse
1632 641 1698 682 vel

329 727 377 756 ea
408 726 453 756 re
483 713 661 766 quadam
695 717 868 755 ornatur
898 714 984 754 veri
1016 714 1298 765 similitudine,
1331 715 1439 768 quod
1472 728 1553 757 non
1583 716 1698 767 prius

328 800 409 829 uno
432 787 596 829 nomine
628 811 682 816 —
714 784 939 841 ἐγκύκλιος
968 788 1142 829 παιδεία
1172 811 1226 815 -
1260 801 1329 831 eas
1352 794 1478 840 artes,
1510 802 1617 842 quae
1647 790 1700 831 ad

328 862 628 903 humanitatem
671 862 902 913 pertinent,
950 863 1388 914 complectebantuff').
1463 863 1517 905 [is
1560 867 1698 905 autem

328 937 448 987 locis,
486 936 555 988 qui
594 940 692 977 sunt
731 936 849 988 Diog.
890 937 1028 978 Laert.
1068 938 1109 978 ΙΙ
1134 940 1207 987 79,
1244 938 1301 979 VI
1332 941 1406 979 103
1441 949 1698 990 nequaquam

329 1008 508 1051 efficitur
549 1009 627 1062 ipsi
667 1009 882 1063 Aristippo
928 1014 1001 1053 aut
1041 1010 1205 1064 Cynicis
1251 1012 1552 1063 antiquissimis
1599 1011 1699 1053 illud

329 1096 478 1126 nomen
511 1084 552 1125 in
584 1096 660 1124 usu
692 1083 831 1125 fuisse..

444 1158 595 1200 Po'etas
627 1158 736 1210 quod
767 1158 927 1199 addidit
959 1162 1102 1200 auctor
1134 1163 1290 1211 septem
1323 1159 1489 1200 illarum
1521 1159 1702 1211 discipli-

330 1245 477 1274 narum
523 1232 739 1283 studiosis,
779 1232 957 1275 mireris.
1018 1233 1122 1274 Nam
1159 1233 1239 1274 etsi
1276 1246 1479 1274 summum
1520 1234 1701 1275 studium

330 1308 370 1349 in
418 1311 635 1360 poetarum
681 1307 936 1350 carminibus
987 1308 1171 1359 legendis
1223 1313 1262 1349 et
1311 1308 1542 1349 ediscendis
1593 1308 1704 1360 apud

331 1381 511 1423 Graecos
530 1393 768 1423 consumere
786 1381 975 1423 solebant
995 1381 1289 1423 adolescentes.
1314 1386 1454 1423 tamen
1473 1383 1703 1424 carminum

330 1456 542 1507 tractatio⁷
577 1468 666 1496 cum
698 1456 973 1506 grammatica
1005 1456 1069 1496 vel
1100 1455 1244 1497 critica
1276 1460 1365 1496 arte
1387 1456 1707 1509 comprehende—

332 1535 459 1582 retur,
492 1530 723 1582 disciplinis
746 1529 827 1571 illis
855 1541 935 1569 11011
965 1533 1029 1571 est>
1049 1529 1253 1571 adiuncta.
1302 1531 1455 1570 Tamen
1478 1543 1567 1571 cum
1590 1531 1706 1571 nulla

332 1604 388 1645 sit
421 1616 562 1655 causa,
609 1615 682 1645 0111·
723 1604 800 1644 hoc
839 1604 1083 1645 vocabulum
1125 1607 1306 1656 ποιηταί
1344 1606 1385 1645 in
1428 1605 1704 1656 suspicionem

331 1682 520 1729 vocetur,
564 1678 606 1718 in
638 1689 685 1719 eo
718 1677 1058 1730 acquiescendum
1092 1679 1300 1730 existimo,
1345 1679 1453 1731 quod
1488 1681 1704 1730 poetarum

334 1752 514 1793 studium
569 1752 858 1804 gravissimam
910 1752 1155 1793 eruditionis
1207 1757 1368 1804 partem
1420 1753 1567 1794 Graeci
1618 1763 1707 1794 esse

332 1828 553 1869 voluerunt
597 1838 729 1878 neque
775 1826 926 1868 desunt
971 1827 1069 1877 loci,
1117 1827 1264 1878 quibus
1305 1829 1452 1879 poetae
1493 1840 1576 1869 una
1614 1839 1706 1868 cum

332 1901 569 1943 rhetoribus
603 1901 744 1942 aliisve
776 1913 937 1953 eorum,
973 1901 1119 1953 quibus
1153 1902 1312 1943 animos
1342 1901 1583 1943 excolendos
1609 1902 1708 1942 adu-

332 1977 536 2018 lescentes
583 1976 827 2026 tradebant,
875 1980 1267 2026 commemorentur3
1318 1974 1368 2016 ef.
1420 1974 1563 2028 Synes.
1609 1975 1706 2016 Dio:

339 2049 504 2091 Gratias
538 2062 616 2102 ago
650 2050 801 2101 poetis,
833 2049 1081 2100 rhetoribus,
1114 2049 1343 2099 historicis3
1386 2049 1568 2089 Basilius
1599 2048 1708 2090 hom.

334 2131 534 2177 ποιηταῖς
556 2121 628 2164 καὶ
649 2127 901 2177 λογοποιοῖς
921 2121 990 2164 καὶ
1015 2119 1196 2176 ῥήτορσι
1212 2155 1220 2164 .
1243 2156 1250 2164 .
1271 2155 1278 2163 .
1303 2117 1546 2175 ὅμιλητέου.
1580 2122 1708 2164 Marc.

336 2199 435 2240 Aur.
469 2200 578 2239 117:
611 2194 659 2239 τὸ
693 2193 749 2252 μὴ
790 2196 858 2239 ἐπὶ
889 2196 1023 2238 πλέον
1064 2193 1285 2249 προκόψαι
1329 2195 1376 2236 ἐν
1399 2195 1607 2250 ῥητορικῇ
1637 2193 1709 2236 καὶ

335 2275 538 2327 ποιητικῇ
581 2271 652 2313 καὶ
694 2280 786 2321 τοῖς
834 2267 983 2321 ἄλλοις
1027 2267 1430 2324 ἐπιτηδεύμασινῖ)
1510 2269 1711 2323 Didymus

454 2376 480 2418 ¹)
507 2375 556 2408 Cf.
575 2384 635 2409 eos
649 2374 760 2415 loccs,
785 2384 872 2417 quos
889 2373 1063 2415 congessit
1077 2372 1217 2406 Wower
1233 2372 1275 2405 de
1291 2371 1510 2415 polymathia
1535 2382 1570 2414 p.
1586 2372 1651 2405 275
1661 2381 1711 2414 sq.

455 2430 481 2476 2)
508 2433 634 2467 Poetas
658 2436 698 2466 ut
723 2432 865 2466 adderet
890 2431 1007 2465 nescio
1032 2441 1076 2464 an
1102 2430 1211 2464 Cebes
1237 2434 1430 2463 commotus
1462 2429 1505 2463 sit
1536 2439 1575 2462 ea
1600 2428 1713 2472 parti-

338 2490 451 2533 tione,
488 2500 590 2534 quam
618 2489 725 2524 Stoici
751 2488 952 2532 disciplinae
978 2497 1061 2521 suae
1085 2487 1332 2527 admoverunt3
1370 2485 1430 2528 qui
1456 2485 1604 2528 logicam
1629 2485 1713 2518 divi-

339 2552 461 2581 serunt
478 2547 513 2581 in
532 2547 743 2581 rhetoricam
762 2551 797 2580 et
815 2545 1050 2587 dialecticam3
1071 2543 1276 2578 dialecticae
1295 2548 1410 2576 autem
1429 2553 1505 2576 cum
1525 2542 1614 2577 alias
1631 2552 1712 2585 par—

339 2608 391 2637 tes
417 2613 489 2638 esse
513 2603 710 2645 voluerunt,
736 2607 809 2637 tum
834 2600 918 2645 περὶ
943 2597 1176 2644 ποιημάτων,
1201 2598 1285 2642 περὶ
1310 2600 1501 2643 μουσικῆς,
1527 2598 1570 2633 cf.
1611 2598 1713 2641 Diog.

337 2659 454 2694 Laert.
481 2660 550 2695 VII
575 2661 630 2694 44.
691 2660 908 2695 Xenocrates
947 2668 990 2693 ex
1025 2658 1245 2692 adulescente
1275 2656 1550 2700 philosophandi
1584 2655 1713 2699 cupido
