1888 3170
825 201 876 238 93

166 311 257 352 dem
289 312 363 352 abs
394 325 439 353 re
470 324 559 354 esse
590 312 692 353 mihi
722 312 886 353 videtur
917 323 1256 364 conmemorare,
1288 312 1331 352 in
1363 310 1535 363 Cynico-

165 398 256 426 rum
288 398 392 437 quae
423 387 614 427 feruntur
634 386 826 437 epistulis
849 387 978 438 ipsam
1009 386 1135 437 illam,
1168 398 1291 437 quam
1314 386 1356 425 in
1378 385 1535 426 Tabula

164 460 417 501 illustratam
439 461 684 511 invenimus,
707 460 932 511 imaginem
954 461 1045 500 viae
1074 472 1245 511 asperae
1266 459 1316 500 ad
1338 459 1534 501 virtutem

164 532 337 575 ferentis
368 534 727 585 Beatitudinisque
768 533 812 573 in
854 546 1013 575 summo
1059 538 1199 574 monte
1240 533 1421 574 sedentis
1453 544 1536 574 non

165 620 258 649 raro
290 620 517 649 occurrere.
570 607 628 648 Cf.
663 608 781 659 epist.
810 612 874 657 12,
906 621 946 659 p.
970 611 1050 650 238
1085 608 1253 649 Herclr:
1286 603 1393 648 ὅταν
1425 601 1535 647 δ’ἐπὶ

163 677 245 734 τὴν
277 677 386 723 ὁδὸν
417 677 660 736 ἀφίκωνται
691 680 763 722 καὶ
793 677 928 734 αὐτῆς
948 678 1029 735 τὴν
1051 678 1317 734 χαλεπότητα
1337 677 1534 721 θεάσων-

163 771 233 796 ται
255 750 313 804 (ὃς
333 751 628 805 ἀσθενοῦντες
660 751 796 797 ὀπίσω
828 751 1150 810 ἀναχωροῦσιν,
1180 752 1270 797 εἶτα
1290 754 1540 808 μέμφονταί

163 845 250 872 που
283 826 363 884 οὐχ
394 826 541 872 αὑτῶν
572 826 652 884 τὴν
674 833 904 884 μαλακίαν,
936 825 1043 871 ἀλλὰ
1066 826 1146 883 τὴν
1167 825 1293 883 ἡμῶν
1315 824 1535 870 ἀπάθειαν

164 917 255 946 cum
285 905 388 946 Tab.
422 909 494 957 273
528 909 656 957 2s‚2;
689 906 808 958 epist.
843 909 894 947 38
926 918 965 957 p.
997 909 1076 947 252
1100 905 1250 946 Herch.
1284 903 1331 945 ἐν
1360 906 1412 957 τῇ
1444 898 1534 959 ὁδῷ

163 981 214 1033 τῇ
251 977 450 1034 φερούσῃ
490 975 550 1021 ἐπ’
590 975 881 1032 εὐδαιμονίαν
909 1013 917 1021 .
949 1012 958 1021 .
991 1013 998 1019 .
1039 979 1087 1020 ἐν
1123 978 1241 1036 τόπῳ
1274 974 1534 1034 ὀχυρωτάτςο

162 1053 235 1095 καὶ
275 1050 648 1111 ἆποκρημνοτάτῳ
686 1056 790 1107 μίαν
828 1049 938 1095 ὁδὸν
967 1051 1192 1107 προσάντη
1231 1052 1302 1094 καὶ
1332 1059 1535 1106 τραχεῖαν

164 1125 434 1182 ἱδρύσασθαι
465 1142 557 1171 cum
587 1130 689 1171 Tab.
721 1133 785 1171 15.
837 1129 967 1181 Epist.
1001 1132 1054 1170 30
1086 1129 1185 1169 item
1217 1128 1355 1180 agitur
1386 1128 1436 1168 de
1467 1127 1535 1168 via

162 1204 205 1244 in
245 1216 381 1245 arcem
423 1204 492 1256 (cf.
534 1204 635 1245 Tab.
675 1203 804 1256 21‚2)
847 1208 888 1244 et
926 1203 978 1244 ad
1015 1203 1323 1244 Beatitudinem
1362 1202 1535 1243 ferente.

164 1276 280 1327 Quae
311 1279 515 1330 epistulae
545 1279 644 1320 licet
665 1290 808 1320 omnes
841 1278 1087 1320 subditiciae
1118 1279 1202 1319 sint
1223 1276 1535 1328 existimandae,

163 1352 207 1393 id
228 1356 367 1393 tamen
395 1353 464 1394 vix
495 1353 712 1405 quisquam
744 1352 926 1405 negabit,
952 1364 1095 1393 earum
1127 1357 1317 1393 auctores
1349 1351 1399 1393 iis
1430 1351 1534 1391 ima-

162 1427 328 1478 ginibus
359 1440 456 1469 usos
489 1439 589 1478 esse,
622 1440 724 1479 quas
748 1427 913 1480 Cynicis
945 1432 987 1469 et
1009 1427 1158 1469 Stoicis
1189 1439 1234 1467 re
1255 1438 1353 1467 vera
1383 1427 1426 1467 in
1458 1438 1534 1467 usu

162 1501 289 1544 fuisse
328 1502 527 1543 sciebant.
590 1502 727 1551 Quid?
767 1503 874 1554 quod
916 1506 1001 1543 tam
1041 1506 1131 1543 arte
1171 1513 1263 1542 cum
1300 1500 1533 1542 Stoicorum

161 1575 381 1627 disciplina
405 1577 799 1629 prosopopoeiarum
820 1587 920 1617 usus
943 1575 1202 1627 cohaerebat,
1230 1579 1289 1627 ut,
1311 1575 1534 1616 Plutarcho

161 1650 287 1702 (Plac.
315 1650 463 1703 1‚6,9)
495 1651 531 1692 si
561 1649 683 1692 fidem
713 1651 939 1702 habemus,
970 1663 1098 1691 unum
1130 1662 1179 1690 ex
1209 1649 1378 1691 deorum
1410 1661 1534 1700 gene-

160 1725 276 1767 ribus
307 1737 398 1767 esse
430 1729 665 1767 statuerent
691 1723 922 1779 πράγματα
955 1729 997 1766 et
1024 1721 1173 1777 πάθη,
1203 1725 1318 1766 velut
1341 1719 1533 1775 Ἐλπίδα,

161 1801 319 1854 Δίκην,
351 1795 599 1853 Εὐνομίαν,
620 1797 813 1853 ’'Epo-ova,
845 1797 1020 1841 Πόθον.

277 1875 424 1927 Itaque
460 1887 566 1926 quae
604 1886 730 1927 supra
769 1875 819 1915 de
856 1873 1085 1915 artificibus
1119 1873 1361 1924 statuimus,
1394 1884 1443 1913 ea
1472 1872 1534 1914 ita

161 1953 397 2000 congruunt
427 1962 519 1991 cum
541 1950 620 1991 hac
642 1950 691 1991 de
720 1950 922 1991 librorum
953 1949 1192 1990 auctoribus
1213 1951 1256 1988 et
1275 1947 1533 1999 philosophis

160 2023 420 2074 quaestione,
461 2027 508 2064 ut
548 2035 598 2064 ex
635 2024 699 2064 his
730 2035 893 2076 quoque
925 2035 994 2064 eos
1033 2022 1210 2063 maxime
1241 2021 1532 2072 allegoriarum

160 2099 202 2136 et
233 2098 625 2149 prosopopoeiarum
647 2098 740 2138 usui
771 2097 992 2138 indulsisse
1012 2096 1240 2147 videamus,
1272 2095 1343 2147 qui
1364 2094 1533 2136 fuerunt

158 2174 254 2222 post
278 2170 571 2212 Alexandrum.
623 2171 718 2213 Jam
739 2171 909 2224 quinam
940 2172 982 2212 in
1016 2183 1064 2212 ea
1093 2182 1138 2210 re
1160 2170 1382 2222 plurimum
1405 2168 1533 2210 studii

158 2245 374 2297 posuerint
404 2258 661 2298 quorumque
690 2246 985 2287 translationes
1016 2245 1202 2297 proxime
1232 2243 1370 2285 absint
1400 2256 1426 2284 a
1451 2244 1531 2284 Ta-

159 2319 257 2360 bula
287 2320 323 2361 si
354 2321 605 2372 quaerimus,
637 2320 689 2361 ad
719 2321 853 2372 prima
881 2323 976 2371 post
1006 2318 1100 2360 Chr.
1124 2331 1164 2359 n.
1194 2318 1358 2359 saecula
1388 2318 1532 2359 remit-

159 2394 299 2434 timur.
375 2394 607 2437 Drosihnus
654 2394 709 2447 (p.
747 2395 835 2446 14),
881 2397 1083 2446 quantum
1124 2393 1200 2434 hac
1244 2395 1384 2434 aetate
1422 2392 1531 2443 apud

159 2471 305 2520 poetas
328 2469 537 2511 Romanos
569 2469 822 2511 consuetudo
853 2469 1075 2520 allegorias
1095 2467 1277 2520 fingendi
1308 2466 1532 2507 invaluerit

158 2546 201 2583 et
231 2555 353 2595 quam
390 2543 523 2585 crebri
559 2545 603 2585 in
640 2544 716 2585 hac
751 2556 796 2585 re
833 2543 990 2585 fuerint
1021 2543 1100 2584 Dio
1139 2542 1458 2595 Chrysostomus
1489 2544 1531 2582 et

156 2643 329 2687 tudinem,
356 2644 529 2678 Virtutem
553 2644 658 2679 finxit
682 2644 777 2688 apud
803 2644 957 2679 Graecos
983 2643 1025 2677 de
1049 2643 1168 2687 palma
1191 2646 1378 2677 certantes.
1419 2640 1528 2684 (Sext.

157 2698 295 2746 Empir.
321 2701 398 2736 adv.
424 2701 532 2736 math.
557 2702 610 2737 XI
635 2703 781 2746 51—59,
805 2701 908 2736 Mull.
931 2701 975 2735 fr.
999 2700 1087 2745 phil.
1113 2700 1236 2735 Graec.
1260 2699 1314 2733 III
1337 2709 1371 2742 p.
1391 2696 1529 2741 150sq.)
