<?xml version="1.0" encoding="UTF-8"?>
<!DOCTYPE html PUBLIC "-//W3C//DTD XHTML 1.0 Transitional//EN"
    "http://www.w3.org/TR/xhtml1/DTD/xhtml1-transitional.dtd">
<html xmlns="http://www.w3.org/1999/xhtml" xml:lang="en" lang="en">
 <head>
  <title>
</title>
<meta http-equiv="Content-Type" content="text/html;charset=utf-8" />
  <meta name='ocr-system' content='tesseract 3.04.00' />
  <meta name='ocr-capabilities' content='ocr_page ocr_carea ocr_par ocr_line ocrx_word'/>
</head>
<body>
  <div class='ocr_page' id='page_1' title='image "./cebetistabulaqua00praeuoft_0062.png"; bbox 0 0 1888 3170; ppageno 0'>
   <div class='ocr_carea' id='block_1_1' title="bbox 884 194 1161 232">
    <p class='ocr_par' dir='ltr' id='par_1_1' title="bbox 884 194 1161 232">
     <span class='ocr_line' id='line_1_1' title="bbox 884 194 1161 232; baseline 0.007 -15"><span class='ocrx_word' id='word_1_1' title='bbox 884 194 1050 232; x_wconf 80' lang='lat'>-54</span> <span class='ocrx_word' id='word_1_2' title='bbox 1109 215 1161 219; x_wconf 75' lang='grc'>,-</span> 
     </span>
    </p>
   </div>
   <div class='ocr_carea' id='block_1_2' title="bbox 341 299 1719 2286">
    <p class='ocr_par' dir='ltr' id='par_1_2' title="bbox 341 299 1716 1988">
     <span class='ocr_line' id='line_1_2' title="bbox 341 299 1704 360; baseline 0.009 -21"><span class='ocrx_word' id='word_1_3' title='bbox 341 299 585 350; x_wconf 79' lang='lat' dir='ltr'>sapientiam</span> <span class='ocrx_word' id='word_1_4' title='bbox 629 302 798 351; x_wconf 87' lang='lat' dir='ltr'>posse“,</span> <span class='ocrx_word' id='word_1_5' title='bbox 841 314 930 343; x_wconf 90' lang='lat' dir='ltr'>cum</span> <span class='ocrx_word' id='word_1_6' title='bbox 963 304 1093 346; x_wconf 87' lang='lat' dir='ltr'>virtus</span> <span class='ocrx_word' id='word_1_7' title='bbox 1137 318 1217 347; x_wconf 89' lang='lat' dir='ltr'>non</span> <span class='ocrx_word' id='word_1_8' title='bbox 1258 319 1330 359; x_wconf 86' lang='lat' dir='ltr'>per</span> <span class='ocrx_word' id='word_1_9' title='bbox 1366 307 1466 348; x_wconf 85' lang='lat' dir='ltr'>haec</span> <span class='ocrx_word' id='word_1_10' title='bbox 1505 309 1704 360; x_wconf 66' lang='lat' dir='ltr'>discatur,</span> 
     </span>
     <span class='ocr_line' id='line_1_3' title="bbox 341 372 1708 431; baseline 0.009 -19"><span class='ocrx_word' id='word_1_11' title='bbox 341 372 448 413; x_wconf 88' lang='lat' dir='ltr'>hanc</span> <span class='ocrx_word' id='word_1_12' title='bbox 478 385 574 414; x_wconf 84' lang='lat' dir='ltr'>vero</span> <span class='ocrx_word' id='word_1_13' title='bbox 605 375 892 417; x_wconf 87' lang='lat' dir='ltr'>necessitatem</span> <span class='ocrx_word' id='word_1_14' title='bbox 924 378 959 418; x_wconf 89' lang='lat' dir='ltr'>si</span> <span class='ocrx_word' id='word_1_15' title='bbox 989 378 1214 431; x_wconf 78' lang='lat' dir='ltr'>intellegis,</span> <span class='ocrx_word' id='word_1_16' title='bbox 1248 385 1358 422; x_wconf 85' lang='lat' dir='ltr'>artes</span> <span class='ocrx_word' id='word_1_17' title='bbox 1391 381 1579 423; x_wconf 89' lang='lat' dir='ltr'>liberales</span> <span class='ocrx_word' id='word_1_18' title='bbox 1610 387 1708 424; x_wconf 84' lang='lat' dir='ltr'>sunt</span> 
     </span>
     <span class='ocr_line' id='line_1_4' title="bbox 341 447 1706 503; baseline 0.008 -16"><span class='ocrx_word' id='word_1_19' title='bbox 341 447 461 497; x_wconf 90' lang='lat' dir='ltr'>illud,</span> <span class='ocrx_word' id='word_1_20' title='bbox 508 448 620 499; x_wconf 88' lang='lat' dir='ltr'>„sine</span> <span class='ocrx_word' id='word_1_21' title='bbox 661 461 740 500; x_wconf 90' lang='lat' dir='ltr'>quo</span> <span class='ocrx_word' id='word_1_22' title='bbox 781 462 864 491; x_wconf 91' lang='lat' dir='ltr'>nou</span> <span class='ocrx_word' id='word_1_23' title='bbox 902 456 1041 503; x_wconf 81' lang='lat' dir='ltr'>potest</span> <span class='ocrx_word' id='word_1_24' title='bbox 1078 452 1190 494; x_wconf 87' lang='lat' dir='ltr'>fieri“</span> <span class='ocrx_word' id='word_1_25' title='bbox 1234 455 1378 496; x_wconf 84' lang='lat' dir='ltr'>virtus.</span> <span class='ocrx_word' id='word_1_26' title='bbox 1446 456 1543 497; x_wconf 89' lang='lat' dir='ltr'>Pari</span> <span class='ocrx_word' id='word_1_27' title='bbox 1587 457 1706 498; x_wconf 85' lang='lat' dir='ltr'>modo</span> 
     </span>
     <span class='ocr_line' id='line_1_5' title="bbox 342 520 1708 579; baseline 0.008 -19"><span class='ocrx_word' id='word_1_28' title='bbox 342 520 491 573; x_wconf 78' lang='lat' dir='ltr'>duplex</span> <span class='ocrx_word' id='word_1_29' title='bbox 534 521 643 574; x_wconf 88' lang='lat' dir='ltr'>apud</span> <span class='ocrx_word' id='word_1_30' title='bbox 685 521 880 565; x_wconf 84' lang='lat' dir='ltr'>Cebetem</span> <span class='ocrx_word' id='word_1_31' title='bbox 919 525 1211 579; x_wconf 84' lang='lat' dir='ltr'>distinguenda</span> <span class='ocrx_word' id='word_1_32' title='bbox 1254 533 1316 569; x_wconf 85' lang='lat' dir='ltr'>est</span> <span class='ocrx_word' id='word_1_33' title='bbox 1366 529 1542 571; x_wconf 84' lang='lat' dir='ltr'>utilitas:</span> <span class='ocrx_word' id='word_1_34' title='bbox 1588 531 1708 571; x_wconf 84' lang='lat' dir='ltr'>utilia</span> 
     </span>
     <span class='ocr_line' id='line_1_6' title="bbox 343 595 1708 656; baseline 0.008 -22"><span class='ocrx_word' id='word_1_35' title='bbox 343 595 451 635; x_wconf 88' lang='lat' dir='ltr'>enim</span> <span class='ocrx_word' id='word_1_36' title='bbox 483 599 525 635; x_wconf 89' lang='lat' dir='ltr'>et</span> <span class='ocrx_word' id='word_1_37' title='bbox 556 607 604 636; x_wconf 91' lang='lat' dir='ltr'>ea</span> <span class='ocrx_word' id='word_1_38' title='bbox 634 601 745 649; x_wconf 85' lang='lat' dir='ltr'>sunt,</span> <span class='ocrx_word' id='word_1_39' title='bbox 778 610 883 650; x_wconf 87' lang='lat' dir='ltr'>quae</span> <span class='ocrx_word' id='word_1_40' title='bbox 912 611 985 651; x_wconf 82' lang='lat' dir='ltr'>per</span> <span class='ocrx_word' id='word_1_41' title='bbox 1015 612 1059 641; x_wconf 91' lang='lat' dir='ltr'>se</span> <span class='ocrx_word' id='word_1_42' title='bbox 1088 601 1180 652; x_wconf 90' lang='lat' dir='ltr'>ipsa</span> <span class='ocrx_word' id='word_1_43' title='bbox 1210 608 1402 654; x_wconf 75' lang='lat' dir='ltr'>prosunt,</span> <span class='ocrx_word' id='word_1_44' title='bbox 1436 608 1476 645; x_wconf 85' lang='lat' dir='ltr'>et</span> <span class='ocrx_word' id='word_1_45' title='bbox 1507 616 1571 654; x_wconf 87' lang='lat' dir='ltr'>ea,</span> <span class='ocrx_word' id='word_1_46' title='bbox 1605 617 1708 656; x_wconf 83' lang='lat' dir='ltr'>quae</span> 
     </span>
     <span class='ocr_line' id='line_1_7' title="bbox 343 673 1710 724; baseline 0.007 -15"><span class='ocrx_word' id='word_1_47' title='bbox 343 681 591 722; x_wconf 88' lang='lat' dir='ltr'>quamquam</span> <span class='ocrx_word' id='word_1_48' title='bbox 612 682 686 723; x_wconf 83' lang='lat' dir='ltr'>per</span> <span class='ocrx_word' id='word_1_49' title='bbox 718 683 761 712; x_wconf 91' lang='lat' dir='ltr'>se</span> <span class='ocrx_word' id='word_1_50' title='bbox 792 673 883 724; x_wconf 90' lang='lat' dir='ltr'>ipsa</span> <span class='ocrx_word' id='word_1_51' title='bbox 904 685 978 724; x_wconf 87' lang='lat' dir='ltr'>pro</span> <span class='ocrx_word' id='word_1_52' title='bbox 1010 674 1139 716; x_wconf 88' lang='lat' dir='ltr'>nihilo</span> <span class='ocrx_word' id='word_1_53' title='bbox 1161 680 1257 717; x_wconf 87' lang='lat' dir='ltr'>sunt</span> <span class='ocrx_word' id='word_1_54' title='bbox 1279 677 1474 718; x_wconf 83' lang='lat' dir='ltr'>ducenda.</span> <span class='ocrx_word' id='word_1_55' title='bbox 1506 677 1547 718; x_wconf 91' lang='lat' dir='ltr'>id</span> <span class='ocrx_word' id='word_1_56' title='bbox 1569 682 1710 719; x_wconf 86' lang='lat' dir='ltr'>tamen</span> 
     </span>
     <span class='ocr_line' id='line_1_8' title="bbox 343 741 1709 801; baseline 0.007 -18"><span class='ocrx_word' id='word_1_57' title='bbox 343 741 538 794; x_wconf 87' lang='lat' dir='ltr'>efficiunt,</span> <span class='ocrx_word' id='word_1_58' title='bbox 561 748 607 784; x_wconf 82' lang='lat' dir='ltr'>ut</span> <span class='ocrx_word' id='word_1_59' title='bbox 624 743 786 786; x_wconf 82' lang='lat' dir='ltr'>fac-ilius</span> <span class='ocrx_word' id='word_1_60' title='bbox 803 747 874 787; x_wconf 88' lang='lat' dir='ltr'>illa</span> <span class='ocrx_word' id='word_1_61' title='bbox 890 759 1199 800; x_wconf 73' lang='lat' dir='ltr'>consequamur.</span> <span class='ocrx_word' id='word_1_62' title='bbox 1248 751 1379 801; x_wconf 83' lang='lat' dir='ltr'>Quam</span> <span class='ocrx_word' id='word_1_63' title='bbox 1399 751 1709 793; x_wconf 80' lang='lat' dir='ltr'>distinctionem</span> 
     </span>
     <span class='ocr_line' id='line_1_9' title="bbox 343 817 1710 877; baseline 0.007 -20"><span class='ocrx_word' id='word_1_64' title='bbox 343 817 377 857; x_wconf 89' lang='lat' dir='ltr'>si</span> <span class='ocrx_word' id='word_1_65' title='bbox 408 821 597 859; x_wconf 85' lang='lat' dir='ltr'>tenemus</span> <span class='ocrx_word' id='word_1_66' title='bbox 624 841 671 847; x_wconf 91' lang='lat'><strong>—</strong></span> <span class='ocrx_word' id='word_1_67' title='bbox 696 831 818 871; x_wconf 87' lang='lat' dir='ltr'>quam</span> <span class='ocrx_word' id='word_1_68' title='bbox 852 821 1095 864; x_wconf 85' lang='lat' dir='ltr'>Germanice</span> <span class='ocrx_word' id='word_1_69' title='bbox 1126 825 1353 875; x_wconf 80' lang='lat' dir='ltr'>exprimam</span> <span class='ocrx_word' id='word_1_70' title='bbox 1375 826 1587 867; x_wconf 86' lang='lat' dir='ltr'>vocabulis</span> <span class='ocrx_word' id='word_1_71' title='bbox 1623 825 1710 877; x_wconf 86' lang='lat' dir='ltr'>„di-</span> 
     </span>
     <span class='ocr_line' id='line_1_10' title="bbox 342 891 1711 952; baseline 0.007 -21"><span class='ocrx_word' id='word_1_72' title='bbox 342 891 481 932; x_wconf 84' lang='lat' dir='ltr'>rekter</span> <span class='ocrx_word' id='word_1_73' title='bbox 512 891 697 934; x_wconf 70' lang='lat' dir='ltr'>Nutzen“</span> <span class='ocrx_word' id='word_1_74' title='bbox 734 898 775 936; x_wconf 86' lang='lat' dir='ltr'>et</span> <span class='ocrx_word' id='word_1_75' title='bbox 822 896 1075 947; x_wconf 79' lang='lat' dir='ltr'>„indirekter</span> <span class='ocrx_word' id='word_1_76' title='bbox 1105 898 1293 939; x_wconf 82' lang='lat' dir='ltr'>Nutzen“</span> <span class='ocrx_word' id='word_1_77' title='bbox 1338 923 1387 927; x_wconf 17' lang='lat'>7—-</span> <span class='ocrx_word' id='word_1_78' title='bbox 1427 899 1567 950; x_wconf 83' lang='lat' dir='ltr'>facile,</span> <span class='ocrx_word' id='word_1_79' title='bbox 1613 900 1711 952; x_wconf 87' lang='lat' dir='ltr'>quid</span> 
     </span>
     <span class='ocr_line' id='line_1_11' title="bbox 345 964 1712 1022; baseline 0.007 -17"><span class='ocrx_word' id='word_1_80' title='bbox 345 964 473 1006; x_wconf 87' lang='lat' dir='ltr'>Cebes</span> <span class='ocrx_word' id='word_1_81' title='bbox 516 967 714 1019; x_wconf 84' lang='lat' dir='ltr'>voluerit,</span> <span class='ocrx_word' id='word_1_82' title='bbox 758 969 1028 1022; x_wconf 76' lang='lat' dir='ltr'>intellegitur.</span> <span class='ocrx_word' id='word_1_83' title='bbox 1101 973 1220 1013; x_wconf 77' lang='lat' dir='ltr'>illam</span> <span class='ocrx_word' id='word_1_84' title='bbox 1263 974 1369 1013; x_wconf 89' lang='lat' dir='ltr'>enim</span> <span class='ocrx_word' id='word_1_85' title='bbox 1410 974 1637 1016; x_wconf 83' lang='lat' dir='ltr'>utilitatem</span> <span class='ocrx_word' id='word_1_86' title='bbox 1676 975 1712 1015; x_wconf 92' lang='lat' dir='ltr'>si</span> 
     </span>
     <span class='ocr_line' id='line_1_12' title="bbox 345 1042 1713 1100; baseline 0.009 -23"><span class='ocrx_word' id='word_1_87' title='bbox 345 1042 524 1089; x_wconf 83' lang='lat' dir='ltr'>spectaS,</span> <span class='ocrx_word' id='word_1_88' title='bbox 569 1052 649 1091; x_wconf 89' lang='lat' dir='ltr'>qua</span> <span class='ocrx_word' id='word_1_89' title='bbox 688 1054 762 1094; x_wconf 90' lang='lat' dir='ltr'>per</span> <span class='ocrx_word' id='word_1_90' title='bbox 804 1056 847 1085; x_wconf 89' lang='lat' dir='ltr'>se</span> <span class='ocrx_word' id='word_1_91' title='bbox 889 1045 1002 1096; x_wconf 80' lang='lat' dir='ltr'>ipsae</span> <span class='ocrx_word' id='word_1_92' title='bbox 1046 1058 1111 1088; x_wconf 91' lang='lat' dir='ltr'>res</span> <span class='ocrx_word' id='word_1_93' title='bbox 1151 1052 1245 1088; x_wconf 87' lang='lat' dir='ltr'>sunt</span> <span class='ocrx_word' id='word_1_94' title='bbox 1292 1048 1566 1100; x_wconf 85' lang='lat' dir='ltr'>appetendae,</span> <span class='ocrx_word' id='word_1_95' title='bbox 1608 1048 1713 1089; x_wconf 89' lang='lat' dir='ltr'>nihil</span> 
     </span>
     <span class='ocr_line' id='line_1_13' title="bbox 343 1116 1713 1173; baseline 0.007 -21"><span class='ocrx_word' id='word_1_96' title='bbox 343 1116 515 1164; x_wconf 83' lang='lat' dir='ltr'>prosunt</span> <span class='ocrx_word' id='word_1_97' title='bbox 546 1118 658 1156; x_wconf 89' lang='lat' dir='ltr'>artes</span> <span class='ocrx_word' id='word_1_98' title='bbox 688 1116 880 1159; x_wconf 86' lang='lat' dir='ltr'>liberales</span> <span class='ocrx_word' id='word_1_99' title='bbox 919 1130 1049 1171; x_wconf 87' lang='lat' dir='ltr'>neque</span> <span class='ocrx_word' id='word_1_100' title='bbox 1082 1120 1304 1172; x_wconf 78' lang='lat' dir='ltr'>quidquam</span> <span class='ocrx_word' id='word_1_101' title='bbox 1343 1122 1410 1173; x_wconf 85' lang='lat' dir='ltr'>qui</span> <span class='ocrx_word' id='word_1_102' title='bbox 1447 1123 1506 1163; x_wconf 87' lang='lat' dir='ltr'>eis</span> <span class='ocrx_word' id='word_1_103' title='bbox 1544 1121 1713 1163; x_wconf 83' lang='lat' dir='ltr'>student</span> 
     </span>
     <span class='ocr_line' id='line_1_14' title="bbox 344 1187 1711 1248; baseline 0.008 -22"><span class='ocrx_word' id='word_1_104' title='bbox 344 1187 576 1238; x_wconf 78' lang='lat' dir='ltr'>superiores</span> <span class='ocrx_word' id='word_1_105' title='bbox 613 1195 709 1231; x_wconf 88' lang='lat' dir='ltr'>sunt</span> <span class='ocrx_word' id='word_1_106' title='bbox 751 1190 821 1243; x_wconf 88' lang='lat' dir='ltr'>iis,</span> <span class='ocrx_word' id='word_1_107' title='bbox 864 1193 932 1244; x_wconf 86' lang='lat' dir='ltr'>qui</span> <span class='ocrx_word' id='word_1_108' title='bbox 971 1206 1108 1235; x_wconf 80' lang='lat' dir='ltr'>earum</span> <span class='ocrx_word' id='word_1_109' title='bbox 1143 1195 1317 1236; x_wconf 84' lang='lat' dir='ltr'>scientia</span> <span class='ocrx_word' id='word_1_110' title='bbox 1355 1199 1498 1237; x_wconf 83' lang='lat' dir='ltr'>carent</span> <span class='ocrx_word' id='word_1_111' title='bbox 1538 1194 1580 1248; x_wconf 81' lang='lat' dir='ltr'>(c</span> <span class='ocrx_word' id='word_1_112' title='bbox 1627 1196 1711 1247; x_wconf 85' lang='lat'>34).</span> 
     </span>
     <span class='ocr_line' id='line_1_15' title="bbox 343 1259 1712 1323; baseline 0.007 -21"><span class='ocrx_word' id='word_1_113' title='bbox 343 1259 438 1302; x_wconf 88' lang='lat' dir='ltr'>Una</span> <span class='ocrx_word' id='word_1_114' title='bbox 470 1261 579 1302; x_wconf 89' lang='lat' dir='ltr'>enim</span> <span class='ocrx_word' id='word_1_115' title='bbox 609 1274 676 1304; x_wconf 88' lang='lat' dir='ltr'>res</span> <span class='ocrx_word' id='word_1_116' title='bbox 699 1267 928 1317; x_wconf 79' lang='lat' dir='ltr'>expetenda</span> <span class='ocrx_word' id='word_1_117' title='bbox 960 1272 1035 1319; x_wconf 90' lang='lat' dir='ltr'>est,</span> <span class='ocrx_word' id='word_1_118' title='bbox 1068 1281 1229 1310; x_wconf 89' lang='lat' dir='ltr'>morum</span> <span class='ocrx_word' id='word_1_119' title='bbox 1260 1270 1473 1321; x_wconf 84' lang='lat' dir='ltr'>correctio,</span> <span class='ocrx_word' id='word_1_120' title='bbox 1507 1270 1559 1312; x_wconf 87' lang='lat' dir='ltr'>ad</span> <span class='ocrx_word' id='word_1_121' title='bbox 1591 1282 1712 1323; x_wconf 88' lang='lat' dir='ltr'>quam</span> 
     </span>
     <span class='ocr_line' id='line_1_16' title="bbox 343 1333 1713 1395; baseline 0.009 -21"><span class='ocrx_word' id='word_1_122' title='bbox 343 1333 416 1375; x_wconf 88' lang='lat' dir='ltr'>illa</span> <span class='ocrx_word' id='word_1_123' title='bbox 453 1347 535 1377; x_wconf 89' lang='lat' dir='ltr'>non</span> <span class='ocrx_word' id='word_1_124' title='bbox 566 1338 789 1388; x_wconf 86' lang='lat' dir='ltr'>pertinent.</span> <span class='ocrx_word' id='word_1_125' title='bbox 851 1340 923 1382; x_wconf 88' lang='lat' dir='ltr'>Sin</span> <span class='ocrx_word' id='word_1_126' title='bbox 960 1345 1097 1383; x_wconf 85' lang='lat' dir='ltr'>autem</span> <span class='ocrx_word' id='word_1_127' title='bbox 1135 1343 1247 1383; x_wconf 88' lang='lat' dir='ltr'>illam</span> <span class='ocrx_word' id='word_1_128' title='bbox 1282 1343 1563 1395; x_wconf 82' lang='lat' dir='ltr'>intellegimus</span> <span class='ocrx_word' id='word_1_129' title='bbox 1601 1345 1713 1386; x_wconf 84' lang='lat' dir='ltr'>utili-</span> 
     </span>
     <span class='ocr_line' id='line_1_17' title="bbox 345 1411 1714 1471; baseline 0.009 -24"><span class='ocrx_word' id='word_1_130' title='bbox 345 1411 492 1459; x_wconf 75' lang='lat' dir='ltr'>tatem,</span> <span class='ocrx_word' id='word_1_131' title='bbox 539 1422 660 1462; x_wconf 87' lang='lat' dir='ltr'>quam</span> <span class='ocrx_word' id='word_1_132' title='bbox 701 1424 749 1453; x_wconf 89' lang='lat' dir='ltr'>ea</span> <span class='ocrx_word' id='word_1_133' title='bbox 788 1414 961 1466; x_wconf 86' lang='lat' dir='ltr'>babent,</span> <span class='ocrx_word' id='word_1_134' title='bbox 1003 1416 1152 1468; x_wconf 86' lang='lat' dir='ltr'>quibus</span> <span class='ocrx_word' id='word_1_135' title='bbox 1184 1428 1250 1457; x_wconf 86' lang='lat' dir='ltr'>res</span> <span class='ocrx_word' id='word_1_136' title='bbox 1281 1430 1354 1470; x_wconf 90' lang='lat' dir='ltr'>per</span> <span class='ocrx_word' id='word_1_137' title='bbox 1385 1429 1428 1459; x_wconf 83' lang='lat' dir='ltr'>se</span> <span class='ocrx_word' id='word_1_138' title='bbox 1460 1419 1714 1471; x_wconf 85' lang='lat' dir='ltr'>appetendas</span> 
     </span>
     <span class='ocr_line' id='line_1_18' title="bbox 345 1480 1713 1541; baseline 0.01 -20"><span class='ocrx_word' id='word_1_139' title='bbox 345 1480 508 1525; x_wconf 84' lang='lat' dir='ltr'>facilius</span> <span class='ocrx_word' id='word_1_140' title='bbox 541 1486 846 1541; x_wconf 82' lang='lat' dir='ltr'>consequimur,</span> <span class='ocrx_word' id='word_1_141' title='bbox 879 1490 1002 1532; x_wconf 86' lang='lat' dir='ltr'>utiles</span> <span class='ocrx_word' id='word_1_142' title='bbox 1036 1496 1132 1532; x_wconf 87' lang='lat' dir='ltr'>sunt</span> <span class='ocrx_word' id='word_1_143' title='bbox 1164 1496 1274 1533; x_wconf 86' lang='lat' dir='ltr'>artes</span> <span class='ocrx_word' id='word_1_144' title='bbox 1306 1492 1496 1533; x_wconf 88' lang='lat' dir='ltr'>liberales</span> <span class='ocrx_word' id='word_1_145' title='bbox 1529 1492 1630 1534; x_wconf 90' lang='lat' dir='ltr'>duas</span> <span class='ocrx_word' id='word_1_146' title='bbox 1663 1493 1713 1534; x_wconf 88' lang='lat' dir='ltr'>ob</span> 
     </span>
     <span class='ocr_line' id='line_1_19' title="bbox 345 1565 1714 1618; baseline 0.004 -15"><span class='ocrx_word' id='word_1_147' title='bbox 345 1574 508 1605; x_wconf 87' lang='lat' dir='ltr'>causas:</span> <span class='ocrx_word' id='word_1_148' title='bbox 550 1565 728 1616; x_wconf 89' lang='lat' dir='ltr'>primum</span> <span class='ocrx_word' id='word_1_149' title='bbox 761 1565 869 1608; x_wconf 88' lang='lat' dir='ltr'>enim</span> <span class='ocrx_word' id='word_1_150' title='bbox 900 1565 1008 1607; x_wconf 85' lang='lat' dir='ltr'>freni</span> <span class='ocrx_word' id='word_1_151' title='bbox 1039 1565 1173 1607; x_wconf 85' lang='lat' dir='ltr'>inst-ar</span> <span class='ocrx_word' id='word_1_152' title='bbox 1203 1566 1447 1618; x_wconf 80' lang='lat' dir='ltr'>impediunt,</span> <span class='ocrx_word' id='word_1_153' title='bbox 1479 1578 1530 1607; x_wconf 92' lang='lat' dir='ltr'>ne</span> <span class='ocrx_word' id='word_1_154' title='bbox 1561 1567 1612 1608; x_wconf 91' lang='lat' dir='ltr'>ad</span> <span class='ocrx_word' id='word_1_155' title='bbox 1643 1567 1714 1608; x_wconf 90' lang='lat' dir='ltr'>de-</span> 
     </span>
     <span class='ocr_line' id='line_1_20' title="bbox 345 1637 1714 1693; baseline 0.003 -16"><span class='ocrx_word' id='word_1_156' title='bbox 345 1637 500 1678; x_wconf 86' lang='lat' dir='ltr'>teriora</span> <span class='ocrx_word' id='word_1_157' title='bbox 541 1638 680 1680; x_wconf 85' lang='lat' dir='ltr'>studia</span> <span class='ocrx_word' id='word_1_158' title='bbox 711 1640 920 1683; x_wconf 77' lang='lat' dir='ltr'>delabaris</span> <span class='ocrx_word' id='word_1_159' title='bbox 953 1639 1105 1692; x_wconf 82' lang='lat'>(33,3);</span> <span class='ocrx_word' id='word_1_160' title='bbox 1148 1640 1297 1682; x_wconf 85' lang='lat' dir='ltr'>deinde</span> <span class='ocrx_word' id='word_1_161' title='bbox 1329 1640 1532 1693; x_wconf 81' lang='lat' dir='ltr'>efficiunt,</span> <span class='ocrx_word' id='word_1_162' title='bbox 1573 1645 1620 1683; x_wconf 86' lang='lat' dir='ltr'>ut</span> <span class='ocrx_word' id='word_1_163' title='bbox 1650 1641 1714 1682; x_wconf 88' lang='lat' dir='ltr'>in-</span> 
     </span>
     <span class='ocr_line' id='line_1_21' title="bbox 347 1711 1714 1764; baseline 0.002 -12"><span class='ocrx_word' id='word_1_164' title='bbox 347 1711 572 1764; x_wconf 81' lang='lat' dir='ltr'>tellegendi</span> <span class='ocrx_word' id='word_1_165' title='bbox 593 1714 789 1757; x_wconf 80' lang='lat' dir='ltr'>facultate</span> <span class='ocrx_word' id='word_1_166' title='bbox 812 1716 967 1756; x_wconf 88' lang='lat' dir='ltr'>acriore</span> <span class='ocrx_word' id='word_1_167' title='bbox 998 1716 1227 1756; x_wconf 85' lang='lat' dir='ltr'>instructus</span> <span class='ocrx_word' id='word_1_168' title='bbox 1260 1715 1311 1757; x_wconf 86' lang='lat' dir='ltr'>ad</span> <span class='ocrx_word' id='word_1_169' title='bbox 1333 1716 1498 1756; x_wconf 82' lang='lat' dir='ltr'>virtutis</span> <span class='ocrx_word' id='word_1_170' title='bbox 1531 1715 1714 1757; x_wconf 85' lang='lat' dir='ltr'>studium</span> 
     </span>
     <span class='ocr_line' id='line_1_22' title="bbox 347 1787 1716 1842; baseline 0.003 -16"><span class='ocrx_word' id='word_1_171' title='bbox 347 1787 618 1838; x_wconf 82' lang='lat' dir='ltr'>aggrediaris.</span> <span class='ocrx_word' id='word_1_172' title='bbox 696 1789 810 1831; x_wconf 89' lang='lat' dir='ltr'>Haec</span> <span class='ocrx_word' id='word_1_173' title='bbox 857 1790 967 1831; x_wconf 89' lang='lat' dir='ltr'>enim</span> <span class='ocrx_word' id='word_1_174' title='bbox 1017 1789 1224 1830; x_wconf 88' lang='lat' dir='ltr'>sententia</span> <span class='ocrx_word' id='word_1_175' title='bbox 1265 1803 1288 1831; x_wconf 89' lang='lat' dir='ltr'>a</span> <span class='ocrx_word' id='word_1_176' title='bbox 1330 1789 1485 1831; x_wconf 82' lang='lat' dir='ltr'>Seneca</span> <span class='ocrx_word' id='word_1_177' title='bbox 1527 1789 1716 1842; x_wconf 87' lang='lat' dir='ltr'>pluribus</span> 
     </span>
     <span class='ocr_line' id='line_1_23' title="bbox 348 1861 1715 1915; baseline 0.002 -14"><span class='ocrx_word' id='word_1_178' title='bbox 348 1861 536 1912; x_wconf 77' lang='lat' dir='ltr'>exposita</span> <span class='ocrx_word' id='word_1_179' title='bbox 582 1862 750 1905; x_wconf 86' lang='lat' dir='ltr'>subesse</span> <span class='ocrx_word' id='word_1_180' title='bbox 795 1863 895 1904; x_wconf 91' lang='lat' dir='ltr'>mihi</span> <span class='ocrx_word' id='word_1_181' title='bbox 941 1863 1105 1904; x_wconf 80' lang='lat' dir='ltr'>videtur</span> <span class='ocrx_word' id='word_1_182' title='bbox 1151 1863 1189 1903; x_wconf 89' lang='lat' dir='ltr'>ei</span> <span class='ocrx_word' id='word_1_183' title='bbox 1233 1864 1340 1914; x_wconf 91' lang='lat' dir='ltr'>loco,</span> <span class='ocrx_word' id='word_1_184' title='bbox 1395 1864 1464 1915; x_wconf 86' lang='lat' dir='ltr'>qui</span> <span class='ocrx_word' id='word_1_185' title='bbox 1509 1867 1572 1905; x_wconf 82' lang='lat' dir='ltr'>est</span> <span class='ocrx_word' id='word_1_186' title='bbox 1618 1862 1715 1904; x_wconf 92' lang='lat' dir='ltr'>Ceb.</span> 
     </span>
     <span class='ocr_line' id='line_1_24' title="bbox 346 1935 639 1988; baseline 0.007 -12"><span class='ocrx_word' id='word_1_187' title='bbox 346 1935 446 1977; x_wconf 89' lang='lat' dir='ltr'>Tab.</span> <span class='ocrx_word' id='word_1_188' title='bbox 481 1935 639 1988; x_wconf 76' lang='lat'>33,61).</span> 
     </span>
    </p>

    <p class='ocr_par' dir='ltr' id='par_1_3' title="bbox 345 2009 1719 2286">
     <span class='ocr_line' id='line_1_25' title="bbox 462 2009 1717 2065; baseline 0.002 -14"><span class='ocrx_word' id='word_1_189' title='bbox 462 2009 740 2053; x_wconf 85' lang='lat' dir='ltr'>Consentiunt</span> <span class='ocrx_word' id='word_1_190' title='bbox 757 2011 886 2065; x_wconf 83' lang='lat' dir='ltr'>igitur</span> <span class='ocrx_word' id='word_1_191' title='bbox 905 2011 1035 2054; x_wconf 88' lang='lat' dir='ltr'>Cebes</span> <span class='ocrx_word' id='word_1_192' title='bbox 1059 2016 1099 2053; x_wconf 89' lang='lat' dir='ltr'>et</span> <span class='ocrx_word' id='word_1_193' title='bbox 1118 2011 1272 2054; x_wconf 89' lang='lat' dir='ltr'>Seneca</span> <span class='ocrx_word' id='word_1_194' title='bbox 1295 2012 1457 2054; x_wconf 82' lang='lat' dir='ltr'>artibus</span> <span class='ocrx_word' id='word_1_195' title='bbox 1476 2012 1717 2054; x_wconf 87' lang='lat' dir='ltr'>liberalibus</span> 
     </span>
     <span class='ocr_line' id='line_1_26' title="bbox 345 2085 1718 2138; baseline 0.003 -15"><span class='ocrx_word' id='word_1_196' title='bbox 345 2085 631 2135; x_wconf 77' lang='grc' dir='ltr'><em>προπαιδείας</em></span> <span class='ocrx_word' id='word_1_197' title='bbox 662 2086 869 2138; x_wconf 87' lang='lat' dir='ltr'>quandam</span> <span class='ocrx_word' id='word_1_198' title='bbox 902 2086 1128 2128; x_wconf 85' lang='lat' dir='ltr'>utilitatem</span> <span class='ocrx_word' id='word_1_199' title='bbox 1160 2086 1427 2128; x_wconf 82' lang='lat' dir='ltr'>tribuendam</span> <span class='ocrx_word' id='word_1_200' title='bbox 1460 2099 1569 2137; x_wconf 80' lang='lat' dir='ltr'>esse3</span> <span class='ocrx_word' id='word_1_201' title='bbox 1602 2087 1718 2138; x_wconf 87' lang='lat' dir='ltr'>ipsas</span> 
     </span>
     <span class='ocr_line' id='line_1_27' title="bbox 347 2158 1715 2213; baseline 0.003 -16"><span class='ocrx_word' id='word_1_202' title='bbox 347 2168 444 2198; x_wconf 86' lang='lat' dir='ltr'>vero</span> <span class='ocrx_word' id='word_1_203' title='bbox 477 2158 519 2199; x_wconf 91' lang='lat' dir='ltr'>in</span> <span class='ocrx_word' id='word_1_204' title='bbox 549 2159 668 2201; x_wconf 89' lang='lat' dir='ltr'>bonis</span> <span class='ocrx_word' id='word_1_205' title='bbox 700 2172 791 2202; x_wconf 89' lang='lat' dir='ltr'>esse</span> <span class='ocrx_word' id='word_1_206' title='bbox 822 2160 886 2201; x_wconf 83' lang='lat' dir='ltr'>vel</span> <span class='ocrx_word' id='word_1_207' title='bbox 916 2172 990 2212; x_wconf 88' lang='lat' dir='ltr'>per</span> <span class='ocrx_word' id='word_1_208' title='bbox 1022 2173 1066 2202; x_wconf 87' lang='lat' dir='ltr'>se</span> <span class='ocrx_word' id='word_1_209' title='bbox 1096 2159 1347 2213; x_wconf 78' lang='lat' dir='ltr'>expetendas</span> <span class='ocrx_word' id='word_1_210' title='bbox 1376 2165 1547 2211; x_wconf 80' lang='lat' dir='ltr'>negant.</span> <span class='ocrx_word' id='word_1_211' title='bbox 1609 2159 1715 2201; x_wconf 87' lang='lat' dir='ltr'>Illud</span> 
     </span>
     <span class='ocr_line' id='line_1_28' title="bbox 347 2233 1719 2286; baseline 0.001 -14"><span class='ocrx_word' id='word_1_212' title='bbox 347 2234 485 2273; x_wconf 84' lang='lat' dir='ltr'>tamen</span> <span class='ocrx_word' id='word_1_213' title='bbox 518 2233 695 2276; x_wconf 88' lang='lat' dir='ltr'>interest</span> <span class='ocrx_word' id='word_1_214' title='bbox 727 2234 836 2276; x_wconf 86' lang='lat' dir='ltr'>inter</span> <span class='ocrx_word' id='word_1_215' title='bbox 869 2234 1063 2276; x_wconf 86' lang='lat' dir='ltr'>Cebetem</span> <span class='ocrx_word' id='word_1_216' title='bbox 1095 2239 1135 2276; x_wconf 89' lang='lat' dir='ltr'>et</span> <span class='ocrx_word' id='word_1_217' title='bbox 1167 2233 1386 2285; x_wconf 86' lang='lat' dir='ltr'>Senecam,</span> <span class='ocrx_word' id='word_1_218' title='bbox 1423 2234 1530 2286; x_wconf 87' lang='lat' dir='ltr'>quod</span> <span class='ocrx_word' id='word_1_219' title='bbox 1562 2234 1719 2277; x_wconf 87' lang='lat' dir='ltr'>Seneca</span> 
     </span>
    </p>
   </div>
   <div class='ocr_carea' id='block_1_3' title="bbox 346 2312 575 2318">
    <p class='ocr_par' dir='ltr' id='par_1_4' title="bbox 346 2312 575 2318">
     <span class='ocr_line' id='line_1_29' title="bbox 346 2312 575 2318; baseline 0 0"><span class='ocrx_word' id='word_1_220' title='bbox 346 2312 575 2318; x_wconf 95' lang='lat' dir='ltr'> </span> 
     </span>
    </p>
   </div>
   <div class='ocr_carea' id='block_1_4' title="bbox 347 2340 1722 2736">
    <p class='ocr_par' dir='ltr' id='par_1_5' title="bbox 347 2340 1722 2736">
     <span class='ocr_line' id='line_1_30' title="bbox 464 2340 1717 2392; baseline 0.001 -12"><span class='ocrx_word' id='word_1_221' title='bbox 464 2346 490 2389; x_wconf 83' lang='lat'>1)</span> <span class='ocrx_word' id='word_1_222' title='bbox 517 2345 588 2380; x_wconf 87' lang='lat' dir='ltr'>Cur</span> <span class='ocrx_word' id='word_1_223' title='bbox 618 2346 707 2380; x_wconf 85' lang='lat' dir='ltr'>illud</span> <span class='ocrx_word' id='word_1_224' title='bbox 741 2340 1004 2392; x_wconf 67' lang='grc' dir='ltr'><em>ἀκριβέστερον</em></span> <span class='ocrx_word' id='word_1_225' title='bbox 1037 2344 1105 2390; x_wconf 81' lang='grc' dir='ltr'>γὰρ</span> <span class='ocrx_word' id='word_1_226' title='bbox 1140 2343 1187 2381; x_wconf 74' lang='lat' dir='ltr'>o&#39;c&#39;v</span> <span class='ocrx_word' id='word_1_227' title='bbox 1220 2360 1254 2381; x_wconf 84' lang='grc' dir='ltr'>τι</span> <span class='ocrx_word' id='word_1_228' title='bbox 1281 2343 1495 2391; x_wconf 76' lang='grc' dir='ltr'><em>συνήκαμεν</em></span> <span class='ocrx_word' id='word_1_229' title='bbox 1519 2347 1717 2381; x_wconf 82' lang='lat' dir='ltr'>mutilatum</span> 
     </span>
     <span class='ocr_line' id='line_1_31' title="bbox 348 2403 1719 2449; baseline 0.001 -12"><span class='ocrx_word' id='word_1_230' title='bbox 348 2403 518 2446; x_wconf 82' lang='lat' dir='ltr'>glossema</span> <span class='ocrx_word' id='word_1_231' title='bbox 552 2414 625 2439; x_wconf 87' lang='lat' dir='ltr'>esse</span> <span class='ocrx_word' id='word_1_232' title='bbox 658 2404 742 2439; x_wconf 82' lang='lat' dir='ltr'>velit</span> <span class='ocrx_word' id='word_1_233' title='bbox 774 2405 990 2449; x_wconf 85' lang='lat' dir='ltr'>Drosihnus,</span> <span class='ocrx_word' id='word_1_234' title='bbox 1026 2416 1095 2440; x_wconf 88' lang='lat' dir='ltr'>non</span> <span class='ocrx_word' id='word_1_235' title='bbox 1129 2405 1303 2449; x_wconf 81' lang='lat' dir='ltr'>intellego,</span> <span class='ocrx_word' id='word_1_236' title='bbox 1357 2406 1592 2440; x_wconf 85' lang='lat' dir='ltr'>Enuntiatum</span> <span class='ocrx_word' id='word_1_237' title='bbox 1627 2404 1719 2439; x_wconf 89' lang='lat' dir='ltr'>enim</span> 
     </span>
     <span class='ocr_line' id='line_1_32' title="bbox 351 2460 1720 2507; baseline 0.001 -13"><span class='ocrx_word' id='word_1_238' title='bbox 351 2460 610 2505; x_wconf 86' lang='lat' dir='ltr'>condicionale,</span> <span class='ocrx_word' id='word_1_239' title='bbox 645 2462 735 2505; x_wconf 82' lang='lat' dir='ltr'>quod</span> <span class='ocrx_word' id='word_1_240' title='bbox 761 2462 876 2506; x_wconf 85' lang='lat' dir='ltr'>deest,</span> <span class='ocrx_word' id='word_1_241' title='bbox 910 2463 1076 2498; x_wconf 85' lang='lat' dir='ltr'>facillime</span> <span class='ocrx_word' id='word_1_242' title='bbox 1110 2468 1225 2507; x_wconf 85' lang='lat' dir='ltr'>potest</span> <span class='ocrx_word' id='word_1_243' title='bbox 1251 2463 1418 2507; x_wconf 87' lang='lat' dir='ltr'>suppleri.</span> <span class='ocrx_word' id='word_1_244' title='bbox 1466 2461 1720 2506; x_wconf 83' lang='lat' dir='ltr'>Interpolatori</span> 
     </span>
     <span class='ocr_line' id='line_1_33' title="bbox 348 2519 1721 2564; baseline 0.001 -14"><span class='ocrx_word' id='word_1_245' title='bbox 348 2522 463 2551; x_wconf 91' lang='lat' dir='ltr'>autem</span> <span class='ocrx_word' id='word_1_246' title='bbox 487 2528 557 2552; x_wconf 88' lang='lat' dir='ltr'>non</span> <span class='ocrx_word' id='word_1_247' title='bbox 582 2523 635 2553; x_wconf 86' lang='lat' dir='ltr'>est</span> <span class='ocrx_word' id='word_1_248' title='bbox 660 2529 723 2553; x_wconf 89' lang='lat' dir='ltr'>cur</span> <span class='ocrx_word' id='word_1_249' title='bbox 748 2519 835 2553; x_wconf 87' lang='lat' dir='ltr'>haec</span> <span class='ocrx_word' id='word_1_250' title='bbox 859 2520 1029 2554; x_wconf 84' lang='lat' dir='ltr'>vocabula</span> <span class='ocrx_word' id='word_1_251' title='bbox 1053 2520 1269 2563; x_wconf 83' lang='lat' dir='ltr'>tribuamus,</span> <span class='ocrx_word' id='word_1_252' title='bbox 1303 2531 1382 2554; x_wconf 86' lang='lat' dir='ltr'>cum</span> <span class='ocrx_word' id='word_1_253' title='bbox 1415 2525 1451 2555; x_wconf 83' lang='lat' dir='ltr'>et</span> <span class='ocrx_word' id='word_1_254' title='bbox 1485 2520 1615 2564; x_wconf 86' lang='lat' dir='ltr'>optime</span> <span class='ocrx_word' id='word_1_255' title='bbox 1640 2528 1721 2553; x_wconf 91' lang='lat' dir='ltr'>con-</span> 
     </span>
     <span class='ocr_line' id='line_1_34' title="bbox 348 2575 1721 2621; baseline 0.001 -14"><span class='ocrx_word' id='word_1_256' title='bbox 348 2575 492 2608; x_wconf 81' lang='lat' dir='ltr'>veniant</span> <span class='ocrx_word' id='word_1_257' title='bbox 516 2585 593 2609; x_wconf 89' lang='lat' dir='ltr'>cum</span> <span class='ocrx_word' id='word_1_258' title='bbox 619 2585 712 2609; x_wconf 75' lang='lat' dir='ltr'>nexu</span> <span class='ocrx_word' id='word_1_259' title='bbox 738 2577 989 2611; x_wconf 85' lang='lat' dir='ltr'>sententiarum</span> <span class='ocrx_word' id='word_1_260' title='bbox 1006 2587 1117 2620; x_wconf 84' lang='lat' dir='ltr'>neque</span> <span class='ocrx_word' id='word_1_261' title='bbox 1135 2577 1320 2621; x_wconf 86' lang='lat' dir='ltr'>quidquam</span> <span class='ocrx_word' id='word_1_262' title='bbox 1339 2577 1494 2611; x_wconf 84' lang='lat' dir='ltr'>habeant</span> <span class='ocrx_word' id='word_1_263' title='bbox 1521 2575 1721 2610; x_wconf 82' lang='lat' dir='ltr'>offensionis</span> 
     </span>
     <span class='ocr_line' id='line_1_35' title="bbox 347 2631 1722 2677; baseline 0.001 -13"><span class='ocrx_word' id='word_1_264' title='bbox 347 2636 381 2664; x_wconf 87' lang='lat' dir='ltr'>et</span> <span class='ocrx_word' id='word_1_265' title='bbox 407 2631 560 2675; x_wconf 84' lang='lat' dir='ltr'>optimus</span> <span class='ocrx_word' id='word_1_266' title='bbox 578 2632 699 2677; x_wconf 80' lang='lat' dir='ltr'>codex,</span> <span class='ocrx_word' id='word_1_267' title='bbox 727 2644 829 2677; x_wconf 86' lang='lat' dir='ltr'>quem</span> <span class='ocrx_word' id='word_1_268' title='bbox 854 2633 889 2667; x_wconf 88' lang='lat' dir='ltr'>iu</span> <span class='ocrx_word' id='word_1_269' title='bbox 915 2634 982 2668; x_wconf 84' lang='lat' dir='ltr'>hac</span> <span class='ocrx_word' id='word_1_270' title='bbox 1007 2639 1108 2677; x_wconf 85' lang='lat' dir='ltr'>parte</span> <span class='ocrx_word' id='word_1_271' title='bbox 1133 2634 1215 2668; x_wconf 88' lang='lat' dir='ltr'>libri</span> <span class='ocrx_word' id='word_1_272' title='bbox 1240 2639 1360 2669; x_wconf 80' lang='lat' dir='ltr'>textus</span> <span class='ocrx_word' id='word_1_273' title='bbox 1378 2633 1617 2670; x_wconf 80' lang='lat' dir='ltr'>constituendi</span> <span class='ocrx_word' id='word_1_274' title='bbox 1641 2642 1722 2666; x_wconf 88' lang='lat' dir='ltr'>nor-</span> 
     </span>
     <span class='ocr_line' id='line_1_36' title="bbox 351 2689 1368 2736; baseline 0.003 -13"><span class='ocrx_word' id='word_1_275' title='bbox 351 2699 441 2723; x_wconf 88' lang='lat' dir='ltr'>mam</span> <span class='ocrx_word' id='word_1_276' title='bbox 469 2699 544 2725; x_wconf 86' lang='lat' dir='ltr'>esse</span> <span class='ocrx_word' id='word_1_277' title='bbox 569 2689 696 2725; x_wconf 85' lang='lat' dir='ltr'>debere</span> <span class='ocrx_word' id='word_1_278' title='bbox 719 2690 914 2726; x_wconf 84' lang='lat' dir='ltr'>Muellerus</span> <span class='ocrx_word' id='word_1_279' title='bbox 940 2691 1102 2736; x_wconf 81' lang='lat' dir='ltr'>ostendit,</span> <span class='ocrx_word' id='word_1_280' title='bbox 1127 2701 1169 2727; x_wconf 80' lang='lat' dir='ltr'>ea</span> <span class='ocrx_word' id='word_1_281' title='bbox 1193 2691 1368 2726; x_wconf 59' lang='lat' dir='ltr'>exhibeat,</span> 
     </span>
    </p>
   </div>
  </div>
 </body>
</html>
