1888 3170
837 210 1149 247 —1280

311 316 417 362 οὐδὲ
447 316 496 361 τὸ
519 319 693 370 τέμνειν
713 317 785 359 καὶ
807 321 948 360 καίειν
969 343 1021 347 -
1047 319 1135 361 ἐστι
1157 317 1345 373 νοσερὸν
1375 320 1447 362 καὶ
1468 317 1679 375 ὑγιεινον,

305 390 413 435 ἀλλὰ
449 389 497 434 τὸ
534 395 625 440 πῶς
661 392 917 445 τέμνειν..,
966 392 1001 433 C
1027 394 1099 434 illa
1139 389 1248 434 ἀλλὰ
1294 389 1342 434 τὸ
1382 397 1472 443 πῶς
1507 395 1680 448 τέμνειν

306 468 475 508 omittit.
539 466 640 507 Cum
675 466 714 505 V
744 467 784 506 in
827 467 903 507 hac
943 468 1071 508 libelli
1109 473 1228 519 parte
1265 469 1324 508 rei
1362 469 1529 509 criticae
1566 482 1679 510 exer-

305 542 458 582 cendae
497 541 551 581 sit
592 540 924 591 fundamentum,
971 554 1061 582 cum
1093 542 1296 583 Jerrainio
1338 542 1438 582 haec
1478 543 1679 583 vocabula

304 616 472 666 recipio.
533 615 612 655 Hic
644 619 780 656 autem
809 616 900 663 πῶς
932 615 1119 656 vocabuli
1153 628 1266 666 usus,
1300 629 1378 668 quo
1411 621 1472 657 est
1511 618 1574 669 „in
1607 629 1678 669 ge-

305 690 449 730 wisser
491 690 670 739 Weise“,
716 702 784 739 „so
824 690 922 730 oder
962 690 1046 740 so“,
1085 695 1181 730 ant-e
1223 691 1462 731 Aristotelis
1500 695 1677 733 aetatem

305 776 385 805 non
418 764 644 813 invenitur,
687 764 795 816 apud
826 764 1092 805 Aristotelem
1133 777 1304 816 eosque.
1348 766 1416 816 qui
1457 771 1550 817 post
1586 778 1676 806 eum

306 838 489 888 fuerunt,
522 838 775 889 saepissime,
809 851 830 878 e
856 839 1004 889 quibus
1028 838 1092 878 hic
1114 851 1275 890 quoque
1297 840 1678 880 ‹·0nnnemorandus

301 917 362 953 est
394 912 651 953 Plutarchus,

417 987 740 1040 ἐμφαίνεται.
795 991 905 1037 16,5;
943 990 1054 1038 18,2;
1099 991 1192 1038 21,3
1226 988 1320 1028 libri
1367 1000 1441 1028 ms.
1482 987 1677 1028 exhibent

301 1060 517 1114 ἐμφαίνει,
541 1062 663 1112 quod,
688 1074 777 1102 cum
807 1062 984 1102 activum
1013 1061 1114 1102 alias
1137 1073 1337 1113 nusquam
1362 1063 1421 1102 sic
1445 1062 1674 1103 adhibitum

300 1137 573 1186 inveniretur,
617 1141 745 1186 recte,
791 1141 837 1176 ut
881 1136 980 1176 mihi
1019 1136 1182 1188 quidem
1214 1136 1397 1186 videtur,
1441 1136 1674 1177 Drosihnus

300 1212 478 1251 mutavit
494 1211 533 1251 in
555 1209 821 1263 ἐμφαίνεται.
886 1211 975 1250 Hoc
998 1211 1165 1250 verbum
1191 1211 1332 1250 eadem
1356 1223 1436 1262 qua
1460 1210 1526 1251 hic
1547 1211 1675 1261 signi-

300 1284 492 1326 ficatione
510 1290 754 1336 usurpatum
775 1285 952 1325 occurrit
971 1285 1080 1336 apud
1097 1284 1313 1337 Polybium
1336 1289 1377 1324 et
1395 1284 1673 1326 Plutarchum.

411 1360 525 1401 Haec
563 1359 648 1399 fere
680 1359 818 1410 habui,
852 1359 901 1399 de
936 1359 1118 1399 Tabulae
1149 1359 1367 1399 verborum
1414 1359 1673 1410 supellectile

298 1446 401 1485 quae
449 1445 708 1485 exponerem.
779 1433 931 1482 Quodsi
976 1433 1019 1473 in
1057 1432 1191 1472 indice
1237 1432 1455 1473 verborum
1506 1445 1530 1473 a
1568 1432 1672 1472 Dro-

297 1508 416 1549 sihno
449 1507 634 1549 confecto
655 1505 929 1558 Jerrainius¹)
962 1506 1003 1547 id
1025 1508 1215 1558 castigat,
1248 1505 1354 1557 quod
1388 1518 1435 1546 ex
1464 1506 1673 1546 vocabulis

297 1583 347 1622 ab
382 1582 452 1622 illo
486 1584 692 1633 congestis
724 1582 888 1622 circiter
919 1581 1067 1633 viginti
1101 1581 1281 1632 quinque
1319 1592 1364 1620 ex
1404 1581 1673 1631 scriptoribus

298 1656 442 1696 Cebeti
473 1656 714 1708 aequalibus
737 1659 810 1696 aut
830 1667 957 1706 prope
980 1654 1234 1706 aequalibus,
1266 1654 1378 1693 velut
1404 1654 1672 1705 Hippocrate,

296 1731 591 1781 Demosthene,
611 1729 836 1770 Aristotele
854 1729 938 1769 sint
952 1728 1089 1778 allata,
1108 1728 1373 1779 Hippocratis
1391 1729 1490 1768 locis
1505 1733 1672 1780 propter

293 1805 493 1845 incertam
526 1804 746 1854 librorum,
790 1803 858 1855 qui
891 1803 979 1843 eius
1011 1802 1224 1852 feruntur,
1266 1803 1556 1843 auctoritatem
1590 1815 1670 1843 11011

295 1879 468 1919 nimium
501 1878 767 1919 tribuendum
800 1889 889 1918 esse
921 1877 1020 1917 mihi
1041 1876 1216 1917 videtur.
1269 1876 1568 1918 Demosthenes
1599 1888 1671 1917 au-

297 1959 380 1993 tem
412 1958 454 1994 et
486 1953 733 1994 Aristoteles
776 1951 884 1992 haud
924 1963 1128 2003 quaquam
1170 1950 1273 1991 adeo
1315 1951 1509 2001 aequales
1551 1955 1671 1991 erant

297 2027 455 2077 Cebeti,
478 2031 523 2067 ut
541 2026 650 2079 quod
666 2026 864 2067 vocabula
889 2026 1089 2078 quaedam
1109 2024 1293 2065 Tabulae
1310 2037 1391 2065 11011
1408 2025 1671 2076 reperiuntur

295 2101 374 2142 nisi
407 2101 515 2153 apud
547 2101 653 2151 illos,
686 2113 734 2141 ea
766 2112 810 2140 re
836 2099 937 2140 nihil
960 2099 1127 2151 probari
1159 2099 1440 2140 concedamus.
1503 2098 1669 2140 Cebetis

293 2176 400 2216 0111111
447 2177 533 2217 vita
578 2179 666 2217 tum
714 2175 799 2215 fere
846 2179 936 2215 erat
987 2175 1194 2221 confecta,
1234 2185 1322 2214 011111
1365 2173 1424 2213 1111
1467 2172 1585 2214 libris
1628 2177 1669 2213 et

294 2250 553 2290 orationibus
585 2248 880 2300 componendis
907 2260 1052 2288 vacare
1073 2250 1307 2298 coeperunt.
1372 2246 1539 2286 Accedit
1561 2247 1667 2298 quod

292 2325 344 2365 ab
378 2325 604 2366 Aristotele
635 2337 741 2365 nova
761 2323 964 2376 quaedam
998 2327 1043 2364 ut
1063 2321 1347 2374 philosophiae
1376 2323 1433 2362 sic
1465 2320 1666 2362 sermonis

290 2399 333 2438 111
367 2398 629 2450 philosophia
660 2398 865 2438 versantis
903 2401 1018 2437 aetas
1059 2396 1203 2447 incipit
1240 2396 1410 2447 eiusque
1447 2407 1575 2446 genus
1607 2394 1667 2435 di—

294 2473 411 2513 cendi
435 2477 655 2524 tantopere
678 2485 699 2513 a
722 2472 932 2524 prioribus
954 2471 1174 2521 discrepat,
1197 2473 1243 2509 ut
1265 2469 1459 2510 Cebetem
1482 2468 1665 2509 Socratis

291 2546 538 2598 discipulum
573 2551 635 2587 tot
666 2545 862 2587 vocabula
897 2545 948 2585 ab
981 2545 1050 2584 illo
1082 2543 1369 2595 assumpsisse,
1402 2542 1464 2583 vel
1497 2542 1531 2583 si
1563 2543 1663 2582 mis-

400 2706 432 2749 1)
458 2704 569 2748 praef.
595 2716 629 2747 p.
657 2704 755 2738 XIII.
