1888 3170
843 187 1126 224 -22—

300 297 389 339 loco
421 296 581 338 monuit
611 295 893 348 Sauppeius1).
960 296 1062 338 Jure
1092 298 1200 339 enim
1232 296 1395 338 mireris
1426 297 1669 339 liberalibus

300 371 382 413 illis
407 370 471 411 vel
488 370 680 422 ingenuis
703 383 810 422 quae
830 374 1029 412 vocantur
1051 373 1212 413 artibus
1235 375 1393 413 certum
1420 372 1461 411 in
1484 371 1668 413 ordinem

300 457 325 486 a
361 443 571 485 veteribus
613 443 793 485 redactis
833 445 913 487 duo
954 445 1207 487 familiarum
1249 447 1419 487 nomina
1461 445 1668 487 interseri.

300 518 483 569 Accedit,
515 518 624 570 quod
654 530 735 570 quo
767 519 856 560 iure
887 519 930 560 in
962 519 1095 562 falsae
1129 521 1371 562 eruditionis
1395 520 1671 562 sectatoribus

300 592 495 644 Epicurei
539 592 824 644 nominentur,
872 594 1059 646 intellegi
1104 607 1185 636 non
1236 599 1386 647 potest.
1457 595 1517 636 Ut
1562 594 1669 635 enim

300 666 573 708 concedamus
629 666 1004 720 Peripateticorum
1065 670 1519 721 commemorationem,
1579 681 1671 709 cum

299 741 433 792 magis
466 741 551 782 fere
583 741 642 782 illi
675 754 844 794 operam
876 743 1067 785 dederint
1097 745 1412 795 quaestionibus
1435 744 1488 785 ad
1509 744 1672 787 litt-eras

300 820 340 857 et
361 815 579 857 historiam
601 815 908 868 pertinentibus
939 829 1063 869 quam
1094 818 1393 871 philosophiae,
1427 831 1519 860 cum
1550 818 1672 860 huius

303 889 382 931 loci
420 889 628 931 sententia
673 891 910 943 convenire,
951 891 1049 943 quid
1091 892 1141 933 de
1178 892 1333 934 talibus
1364 892 1672 934 Hedonieorum

300 964 450 1005 studiis
488 965 696 1006 innotuit?
757 965 868 1014 Quos
901 978 953 1007 ne
995 966 1208 1009 existimes
1245 970 1415 1019 propter
1457 967 1585 1009 falsas
1624 967 1674 1009 de

301 1039 565 1091 philosophia
615 1040 844 1082 sententias
896 1053 1026 1081 vanae
1072 1041 1316 1083 eruditionis
1362 1041 1533 1093 cupidos
1579 1042 1673 1092 dici,

300 1125 507 1166 nusquam
554 1114 606 1155 ob
653 1114 851 1165 dogmata
901 1127 925 1156 a
976 1127 1069 1156 vera
1124 1114 1388 1168 philosophia
1435 1116 1574 1157 aliena
1614 1115 1675 1156 illi

299 1187 431 1229 falsae
462 1188 709 1230 eruditionis
731 1190 915 1231 asseclae
935 1190 1237 1242 vituperantur,
1271 1190 1343 1232 sed
1364 1191 1554 1232 omnibus
1575 1191 1676 1232 locis

298 1266 495 1304 notantur
521 1263 572 1305 ob
603 1264 787 1305 studium
811 1277 954 1306 earum
985 1276 1136 1316 rerum,
1162 1277 1340 1317 quarum
1368 1277 1468 1307 usus
1500 1277 1582 1308 non
1614 1270 1677 1307 est

300 1337 352 1378 ad
384 1338 513 1379 vitam
544 1342 658 1380 recte
695 1340 1011 1381 instituendam.
1074 1341 1224 1392 Itaque
1255 1341 1366 1392 quod
1397 1353 1523 1394 supra
1555 1339 1677 1382 Chal-

300 1412 394 1453 cidii
426 1413 593 1455 silentio
622 1414 796 1466 probari
827 1415 1089 1466 negavimus,
1123 1427 1216 1457 cum
1246 1416 1316 1457 ille
1347 1428 1429 1457 non
1460 1415 1678 1457 habuisset

301 1498 372 1527 cur
412 1487 488 1529 has
530 1488 872 1540 philosophorum
913 1492 1069 1540 sectas,
1114 1489 1278 1531 etiamsi
1325 1490 1434 1542 apud
1481 1488 1676 1530 Cebetem

300 1562 537 1614 appellatae
559 1567 693 1615 erant,
720 1567 1072 1616 commemoraret,
1093 1564 1135 1605 id
1157 1576 1266 1606 nunc
1280 1564 1370 1616 ipsa
1384 1577 1429 1605 re
1452 1567 1494 1605 et
1514 1563 1678 1605 ratione

300 1636 468 1689 probari
506 1637 706 1679 videmus.
768 1637 884 1680 Haec
928 1638 1058 1689 igitur
1093 1639 1239 1680 verba:
1288 1638 1333 1679 οἱ
1362 1636 1409 1679 δὲ·
1433 1632 1677 1689 εΗδονικοί,

307 1710 353 1751 οί
381 1709 429 1752 δὲ
459 1714 815 1765 Περιπατητικοί,
848 1713 1021 1754 delenda
1051 1724 1142 1755 esse
1172 1711 1324 1766 puto2),

301 1823 419 1858 lantur
445 1824 591 1868 Poetae,
627 1825 734 1869 aliqui
760 1825 1033 1869 Disceptatores.
1082 1825 1229 1869 Quidam
1253 1825 1476 1860 nominantur
1503 1825 1679 1869 Oratores,

301 1888 335 1916 et
361 1882 500 1926 quidam
535 1880 771 1928 Κυριολόγοιζ
801 1884 871 1918 sive
903 1883 1032 1918 Critici.
1090 1883 1162 1917 Alii
1188 1884 1294 1918 etiam
1325 1888 1496 1918 vocantur
1520 1882 1680 1926 magistri

303 1946 492 1975 concentus
509 1940 644 1985 musici,
661 1941 721 1974 alii
737 1940 972 1984 Peripatetici,
990 1940 1050 1974 alii
1067 1940 1289 1975 Joculatores
1306 1940 1377 1975 sive
1395 1940 1493 1974 Mimi
1510 1945 1545 1974 et
1561 1940 1610 1974 sic
1627 1950 1680 1974 re—

303 1996 390 2040 liqui
410 2024 417 2030 .
437 2023 444 2031 .
464 1998 493 2030 .“
530 1997 654 2041 Itaque
679 2004 815 2031 tantum
841 1997 961 2041 abest,
988 2003 1027 2031 ut
1052 2007 1092 2032 ea
1117 2007 1206 2041 quae
1231 1997 1424 2041 Klopferus
1451 1997 1577 2032 omissa
1603 2006 1680 2032 esse

305 2053 401 2095 dicit,
427 2054 461 2088 in
487 2054 648 2089 versione
673 2054 828 2089 Arabica
846 2054 971 2098 desint,
997 2060 1035 2088 ut
1060 2060 1182 2089 contra
1207 2063 1257 2097 ea,
1285 2064 1373 2098 quae
1392 2054 1466 2088 sola
1490 2054 1548 2088 ille
1572 2058 1680 2098 tenet,

303 2104 569 2155 Ἀριθμητικοί,
610 2109 843 2155 Γεωμέτραι,
877 2105 1122 2155 Ἀστρολόγοι,
1153 2111 1248 2155 apud
1279 2111 1508 2155 interpretem
1533 2121 1604 2146 non
1630 2112 1681 2146 in-

304 2168 504 2202 veniantur.

421 2225 455 2269 1)
482 2225 694 2269 Sauppeius,
713 2226 829 2260 Goett.
844 2225 911 2269 gel.
930 2225 1017 2260 Anz.
1035 2236 1069 2269 p.
1091 2226 1171 2265 776;
1199 2225 1293 2260 hunc
1310 2230 1452 2260 secutus
1477 2230 1529 2260 est
1546 2224 1678 2259 Kraus-

306 2284 378 2318 sius
403 2283 476 2327 (das
503 2283 668 2318 Gemalde
702 2294 768 2317 von
803 2283 937 2326 Hebes,
970 2282 1073 2317 Wien
1106 2284 1211 2326 1882,
1237 2293 1271 2326 p.
1297 2285 1370 2326 32),
1403 2283 1463 2326 qui
1487 2283 1575 2318 falso
1602 2293 1681 2317 eon-

306 2341 428 2385 tendit,
452 2342 522 2375 iam
547 2351 568 2375 a
593 2340 785 2385 Schweigh.
808 2335 1012 2384 “Ηδονικοι’,
1040 2338 1079 2374 οἱ
1101 2339 1142 2374 δὲ
1170 2342 1362 2384 Haemon„
1389 2340 1504 2375 deleta
1529 2350 1617 2376 esse.

421 2399 455 2442 ²)
482 2399 523 2432 In
558 2398 647 2433 fine
683 2398 954 2433 enumerationis
986 2398 1055 2433 duo
1087 2398 1172 2433 haec
1203 2398 1344 2433 nomina
1368 2398 1489 2433 addita
1515 2408 1591 2433 esse
1617 2408 1680 2442 ap-

307 2462 412 2500 paret
439 2467 481 2491 ex
507 2457 665 2491 versione
689 2456 860 2500 Arabica,
891 2456 928 2490 in
960 2465 1030 2500 qua
1054 2455 1231 2490 nominum
1256 2455 1340 2490 ordo
1365 2456 1422 2490 hic
1447 2462 1513 2491 est:
1540 2457 1683 2500 Poetae,

308 2514 589 2559 Disceptatores,
615 2513 799 2557 Oratores,
831 2513 962 2557 Critici,
995 2512 1140 2557 Musici,
1172 2512 1413 2557 Peripatetici,
1448 2514 1682 2548 Joculatores.

308 2571 379 2607 Ubi
404 2571 552 2606 Criticos
575 2572 687 2614 magis
714 2581 776 2605 suo
802 2570 879 2605 loco
906 2570 1040 2614 positos
1073 2580 1144 2605 esse
1169 2580 1270 2605 nemo
1296 2581 1366 2603 non
1392 2570 1495 2606 videt.
1545 2570 1683 2605 Additis

309 2627 434 2662 deinde
459 2628 528 2662 illis
546 2627 840 2672 philosophorum
865 2627 1063 2662 nominibus
1088 2626 1175 2661 illud
1199 2628 1372 2671 Κριτικοί
1394 2627 1558 2662 omissum
1582 2627 1617 2661 in
1642 2638 1682 2662 eo

310 2685 515 2728 exemplari,
540 2684 632 2719 unde
656 2685 770 2718 nostri
795 2683 930 2718 codices
953 2682 1146 2727 fluxerunt,
1171 2683 1293 2718 ultimo
1319 2684 1395 2719 loco
1418 2683 1594 2718 adiectum
1617 2689 1680 2718 est.
