1888 3170
162 296 335 338 cendum
367 309 447 337 nou
481 309 583 349 esse,
616 298 686 338 sed
709 299 833 339 etiam
855 299 903 340 de
925 300 1127 341 adiectivo
1160 295 1364 353 ἀβέβαιος
1390 299 1530 351 quaeri

162 370 322 410 debere.
375 370 492 420 Quod
525 372 558 412 si
589 372 726 423 priore
758 376 898 414 aetate
928 374 1159 415 adhibitum
1192 374 1383 425 occurrit,
1415 384 1534 414 nemo

163 447 224 485 est
254 445 354 495 quin
387 445 524 486 videat
556 457 650 486 casu
682 444 770 487 fieri
802 448 1009 499 potuisse,
1048 452 1094 489 ut
1125 448 1364 489 adverbium
1397 448 1439 488 in
1470 447 1534 498 iis,

164 529 269 569 quae
307 519 357 559 ad
395 523 579 560 nostram
616 522 792 560 aetatem
826 525 1163 571 permanserunt,
1207 525 1392 561 veterum
1424 519 1534 561 Atti-

165 603 303 632 corum
346 593 511 644 scriptis
552 605 632 633 non
677 594 893 634 obveniret
933 606 1065 646 neque
1097 594 1317 647 quidquam
1350 594 1445 634 huic
1475 594 1536 634 rei

162 666 426 708 tribuendum
459 678 547 708 esse
578 667 788 708 momenti.
842 667 944 708 Mihi
972 668 1136 721 quidem
1169 673 1255 709 tum
1288 668 1450 708 demum
1483 667 1534 708 ad

164 738 327 780 Cebetis
369 744 549 781 aetatem
589 741 918 791 investigandam
962 742 1178 782 verborum
1221 742 1355 783 indice
1394 740 1534 793 profici

163 813 344 863 videtur,
378 814 412 854 si
445 826 525 854 nou
559 814 678 855 modo
701 814 750 856 ‹le
783 827 1028 868 unoquoque
1057 815 1274 866 vocabulo,
1308 816 1378 856 sed
1411 816 1534 857 etiam

163 888 212 928 de
253 889 442 939 cognatis
482 888 704 929 viderimus
748 901 879 941 neque
925 890 1026 931 satis
1076 891 1157 931 rati
1201 890 1536 942 antiquissimum

162 962 360 1013 cuiusque
396 966 544 1003 testem
578 964 800 1014 protulisse.
840 964 1162 1015 uniuscuiusque
1194 964 1382 1005 vocabuli
1422 965 1536 1016 quasi

163 1040 315 1076 sortem
358 1040 399 1077 et
437 1036 651 1077 historiam
689 1037 925 1079 evolventes
963 1038 1211 1090 quibusnam
1245 1050 1293 1078 ex
1333 1038 1536 1079 recentio-

163 1109 277 1150 ribus
309 1110 580 1161 scriptoribus
612 1110 791 1151 maxime
822 1112 862 1151 in
898 1123 973 1151 usu
1005 1111 1131 1152 fuerit
1163 1112 1477 1153 ostenderimus.

278 1183 505 1225 Certiorem
537 1197 657 1236 quam
698 1186 737 1225 in
772 1186 991 1227 verborum
1023 1186 1277 1238 supellectile
1317 1185 1456 1226 iudicii
1489 1186 1539 1227 de

162 1258 292 1299 libelli
325 1259 603 1309 germanitate
644 1259 824 1301 faciendi
864 1273 1052 1301 normam
1084 1260 1291 1302 Jerramio
1328 1260 1539 1302 adsentior

163 1333 205 1372 in
244 1333 515 1384 grammatico
558 1345 633 1374 usu
675 1335 853 1386 positam
896 1346 1005 1384 esse,
1046 1335 1105 1375 ita
1149 1338 1306 1385 tamen,
1348 1337 1394 1374 ut
1437 1334 1470 1374 si
1515 1345 1539 1373 a

164 1406 539 1458 praestantissimis
572 1409 775 1449 sermonis
800 1408 946 1448 Graeci
979 1408 1219 1449 auctoribus
1252 1420 1349 1449 usus
1377 1408 1539 1448 dicendi

166 1479 384 1530 discrepat,
420 1479 575 1530 optimo
608 1480 696 1521 iure
727 1481 928 1522 Tabulam
963 1483 1272 1534 suppositiciam
1307 1495 1395 1524 esse
1427 1481 1538 1522 affir-

164 1565 335 1603 memus,
368 1566 416 1594 ex
450 1555 719 1594 consensione
750 1558 886 1595 autem
920 1556 1174 1607 germanitas
1207 1567 1287 1595 non
1321 1555 1538 1607 efficiatur,

165 1639 255 1668 cum
296 1628 350 1679 is,
391 1628 461 1680 qui
502 1627 653 1669 librum
696 1630 944 1680 composuit,
993 1629 1158 1671 illorum
1202 1629 1539 1671 consuetudinem

164 1702 349 1753 potuerit
378 1701 610 1743 observare.
664 1703 800 1754 Atque
830 1703 1013 1744 Tabulae
1045 1715 1193 1756 sermo,
1227 1704 1539 1756 grammaticam

166 1778 371 1818 rationem
403 1778 437 1818 si
470 1780 650 1830 spectas,
692 1789 816 1830 quam
848 1789 975 1830 prope
1007 1778 1119 1819 absit
1156 1778 1207 1819 ab
1240 1778 1408 1829 optimis
1440 1778 1539 1819 atti-

166 1852 283 1892 cismi
315 1852 532 1904 exemplis,
571 1852 681 1893 idem
712 1851 944 1893 Jerramius
978 1856 1118 1893 monet
1154 1864 1191 1904 p.
1226 1853 1306 1894 XII
1340 1864 1398 1905 sq.
1461 1852 1541 1892 Sed

167 1926 356 1978 quamvis
379 1926 599 1978 diligenter
621 1930 764 1966 auctor
788 1926 986 1967 librorum
1009 1926 1198 1967 Platonis
1224 1925 1360 1968 studio
1391 1938 1435 1967 se
1467 1926 1541 1966 im-

168 2000 306 2040 buerit
337 2001 506 2053 eiusque
545 2012 626 2040 nou
660 1999 780 2041 modo
812 2001 853 2040 in
887 2001 1062 2051 singulis
1096 2000 1436 2051 locutionibus1)‚
1469 2000 1541 2041 sed

169 2075 210 2114 in
244 2075 436 2115 universo
459 2074 620 2115 dicendi
642 2086 792 2125 genere
826 2086 870 2114 se
889 2074 1086 2125 praebeat
1112 2075 1380 2126 imitatorem,
1403 2079 1541 2115 tamen

168 2148 217 2188 de
249 2160 296 2189 eo
319 2161 481 2202 quoque
503 2150 625 2200 valet,
658 2148 766 2202 quod
790 2148 1114 2199 Mommsenus2)
1148 2149 1198 2189 de
1229 2152 1318 2191 toto
1349 2149 1418 2190 illo
1450 2149 1541 2189 imi-

172 2227 350 2263 tatorum
382 2235 507 2274 grege
538 2223 851 2264 animadvertit:
891 2235 974 2263 non
1012 2235 1106 2264 raro
1138 2223 1327 2264 Platonis
1358 2223 1541 2266 imitato-

169 2297 303 2347 ribus,
357 2309 446 2337 cum
496 2298 776 2349 compluribus
824 2298 995 2339 saeculis
1042 2298 1223 2349 peractis
1272 2309 1541 2349 sermoneque

170 2370 328 2412 Graeco
361 2372 576 2422 paullatim
608 2371 719 2412 haud
751 2372 1015 2413 mediocriter
1046 2373 1266 2413 immutato
1298 2372 1410 2413 illius
1441 2384 1541 2413 usus

170 2444 330 2486 dicendi
372 2446 493 2497 plane
537 2447 596 2486 eis
635 2447 678 2487 in
719 2446 1056 2488 consuetudinem
1089 2446 1229 2487 venire
1269 2458 1351 2487 non
1389 2449 1542 2498 posset,

287 2569 314 2611 1)
339 2569 405 2603 vid.
431 2579 538 2612 supra
563 2581 597 2612 p.
625 2571 667 2602 32
694 2569 773 2602 adn.
802 2571 833 2602 3.

287 2625 313 2669 2)
341 2626 611 2670 Entwickelung
637 2627 769 2669 einiger
797 2625 942 2661 Gesetze
968 2627 1025 2661 fiir
1052 2627 1118 2660 deu
1145 2626 1331 2661 Gebrauch
1364 2626 1426 2660 der
1451 2626 1542 2669 grie-

172 2684 335 2718 chischen
363 2683 643 2729 Prapositionen‚
668 2684 865 2719 Frankfurt
890 2695 921 2719 a.
937 2684 984 2719 M.
1013 2685 1100 2719 1874
1124 2695 1158 2727 p.
1187 2686 1239 2719 11,
