1888 3170
735 221 785 225 —
848 201 870 239 9
932 221 986 227 ..-

176 310 257 351 nisi
278 309 386 362 quod
408 313 554 352 auctor
574 310 761 352 Platonis
782 323 889 363 quae
910 311 1043 354 fertur
1065 313 1270 366 epistulae
1293 317 1344 355 13
1367 325 1405 364 p.
1431 316 1544 354 363a

175 395 326 436 ponere
354 384 516 425 videtur
538 384 731 426 Cebetem
764 397 811 427 eo
844 390 1045 438 tempore,
1077 399 1157 438 quo
1189 386 1294 428 hanc
1324 387 1545 438 epistulam

176 457 372 509 scriptam
419 459 559 509 putari
600 458 781 509 volebat,
829 460 966 500 vivum
1008 460 1148 502 fuisse.
1227 460 1307 502 Vix
1348 461 1457 501 enim
1496 460 1546 501 de

178 533 342 574 homine
380 537 542 574 mortuo
578 534 793 584 scripseris
836 528 948 588 ἀνὴρ
991 536 1125 576 πᾶσιν
1162 529 1267 587 ἡμῖν
1306 531 1466 583 οἰκεῖός
1502 550 1546 576 τε

177 604 248 646 καὶ
280 602 440 655 εὔνους
470 607 582 648 nullo
606 607 804 667 vocabulo
832 608 983 650 docens
1016 621 1107 650 cum
1140 610 1182 650 in
1214 609 1318 650 vivis
1350 610 1433 650 iam
1465 621 1547 650 non

178 693 282 723 esse.
344 681 424 723 Sed
460 683 501 723 in
535 682 598 722 his
630 685 801 734 propter
839 682 1004 724 illarum
1037 684 1312 736 epistularum
1343 684 1547 725 incertam

178 756 381 808 originem
413 768 494 798 non
527 757 660 808 magis
692 757 769 798 niti
807 757 920 808 licet,
960 770 1084 810 quam
1122 759 1162 799 iu
1195 758 1339 799 Dionis
1372 756 1550 810 Chryso-

178 831 300 871 stomi
333 842 380 872 eo
411 831 512 882 loco,
544 832 615 882 qui
647 835 710 872 est
732 843 789 873 or.
815 835 838 873 S
862 832 966 883 init,
1000 832 1069 873 ubi
1097 833 1139 874 in
1162 832 1387 874 Socraticis
1418 831 1550 884 philo-

178 903 319 956 sophis
354 905 444 946 eius
466 906 630 955 aetatis,
654 916 734 956 qua
757 905 965 959 Diogenes
988 907 1123 957 patria
1146 906 1338 958 expulsus
1362 906 1550 947 Athenas

178 979 469 1029 permigravit,
514 978 643 1020 Cebes
686 991 767 1020 non
801 984 1162 1021 commemoratur.
1226 980 1409 1027 Primum
1441 980 1550 1020 enim

180 1052 348 1093 minime
386 1056 570 1102 constat,
613 1065 710 1093 num
755 1053 843 1105 ipse
887 1054 965 1095 Dio
1007 1053 1207 1094 historiae
1246 1053 1550 1095 Socraticorum

181 1125 284 1166 adeo
316 1125 444 1167 fuerit
466 1127 637 1178 peritus,
670 1132 716 1168 ut.
743 1127 912 1178 quinam
945 1127 1028 1168 illis
1059 1127 1315 1179 temporibus
1335 1128 1552 1177 vixissent,

180 1204 437 1252 compertum
482 1201 665 1242 haberet.
746 1202 906 1242 Deinde
951 1201 1070 1242 valde
1115 1202 1283 1243 dubium
1328 1205 1410 1253 est,
1455 1213 1552 1241 num

181 1287 323 1316 omnes
350 1275 596 1327 Socraticos,
630 1288 710 1318 non
744 1288 814 1318 eos
834 1276 980 1327 solum,
1013 1277 1084 1329 qui
1108 1289 1268 1318 summa
1290 1276 1412 1317 laude
1437 1275 1554 1317 fiore-

182 1348 295 1400 bant,
328 1362 573 1391 enumerare
605 1351 646 1391 in
679 1351 815 1392 animo
846 1350 1052 1392 habuerit.
1105 1351 1222 1401 Quod
1254 1351 1289 1392 si
1320 1351 1412 1403 quis
1444 1350 1555 1391 dicat

183 1422 379 1465 Cebetem
418 1428 590 1476 propter
628 1424 765 1475 illam,
807 1436 914 1476 quae
954 1425 1042 1465 eius
1084 1424 1314 1474 ferebatur,
1353 1423 1554 1465 Tabulam

182 1497 496 1539 celeberrimum
541 1497 669 1539 fuisse
710 1510 844 1550 neque
886 1497 976 1539 fieri
1019 1499 1221 1550 potuisse,
1262 1502 1308 1539 ut
1347 1498 1425 1539 Dio
1462 1509 1554 1538 eum

182 1572 302 1624 quasi
343 1571 587 1612 mediocrem
629 1575 670 1613 et
708 1572 1098 1613 commemoratione
1136 1572 1351 1622 indignum
1389 1571 1557 1613 silentio

182 1646 451 1698 praeteriret,
498 1645 541 1686 id
583 1646 716 1697 ipsum
763 1657 845 1687 non
889 1646 1038 1698 liquet,
1089 1657 1186 1686 num
1232 1645 1356 1687 Dioni
1395 1643 1557 1686 Tabula

184 1719 328 1762 Cebeti
359 1719 572 1772 adscripta
602 1717 887 1770 innotuerit1).

298 1794 472 1835 Praeter
512 1805 600 1845 eOS,
645 1805 748 1845 quos
787 1794 1124 1845 commemoravi,
1167 1796 1357 1834 auctores
1396 1792 1559 1834 Cebetis

184 1869 435 1910 mentionem
467 1867 568 1909 facit
598 1867 849 1909 Plutarchus
881 1868 931 1908 de
962 1867 1085 1919 genio
1118 1866 1230 1909 Socr.
1269 1870 1338 1917 10,
1373 1869 1446 1917 20,
1487 1866 1559 1907 sed

185 1955 315 1995 neque
347 1944 389 1984 in
421 1942 487 1984 his
518 1941 744 1994 quidquam
777 1941 905 1992 inest,
944 1952 1025 1993 quo
1057 1940 1350 1992 chronologiae
1388 1940 1560 1981 investi-

186 2019 300 2069 gatio
332 2018 516 2068 iuvetur,
550 2028 682 2071 neque
713 2016 823 2057 illius
855 2016 1099 2066 auctoritas,
1132 2026 1223 2056 cum
1254 2015 1296 2056 in
1330 2014 1406 2055 hoc
1438 2025 1561 2066 opere

187 2094 352 2144 poetam
383 2091 519 2143 potius
549 2090 679 2132 libero
706 2089 890 2141 fingendi
922 2089 1097 2130 arbitrio
1121 2101 1254 2140 usum,
1283 2100 1408 2140 quam
1431 2088 1562 2129 histo-

188 2167 316 2207 ricum
365 2178 461 2207 vera
502 2165 788 2218 explorantem
829 2176 873 2205 se
913 2163 1130 2215 praebeat,
1172 2162 1255 2204 ullo
1300 2163 1343 2204 in
1389 2173 1563 2203 numero

187 2240 380 2282 habenda
411 2243 487 2282 est.

303 2314 365 2356 Ex
387 2315 450 2366 iis,
475 2327 582 2368 quae
599 2313 852 2355 Plutarchus
877 2312 928 2354 de
951 2311 1022 2353 lib.
1041 2312 1155 2353 educ.
1179 2313 1242 2362 15,
1266 2310 1315 2352 de
1337 2310 1477 2351 anima
1496 2312 1562 2361 23,

309 2465 338 2508 ¹)
365 2463 444 2498 Vid.
470 2463 564 2498 infra
588 2467 679 2506 part.
706 2462 770 2496 ΙΙΙ.
835 2461 887 2495 Ne
923 2460 1012 2494 illud
1047 2459 1188 2503 quidem
1221 2457 1473 2501 neglegendum
1503 2461 1565 2500 est,

191 2522 372 2564 Cebetem,
406 2525 444 2555 ut
475 2531 582 2564 supra
612 2519 852 2564 exposuimus,
889 2517 1019 2552 Thebis
1048 2516 1243 2559 habitasse,
1277 2515 1425 2549 Dionem
1457 2513 1496 2547 de
1521 2513 1565 2548 iis

191 2580 315 2623 dicere,
333 2589 420 2622 quos
438 2578 586 2612 Athenis
604 2577 736 2611 invenit
755 2577 944 2619 Diogenes.
993 2574 1209 2618 Quamquam
1226 2571 1407 2606 Euclidem
1425 2580 1566 2614 quoque

191 2637 433 2679 Megarensem
469 2640 732 2678 commemorat,
769 2634 829 2678 qui
864 2638 979 2667 tamen
1006 2631 1117 2674 magis
1149 2640 1252 2674 quam
1281 2629 1393 2664 Cebes
1411 2628 1567 2663 Athenas

192 2694 327 2729 videtur
352 2693 605 2738 frequentasse.
