1888 3170
831 214 869 217 ψ
940 195 1018 231 108
1083 216 1130 218 *—

297 304 441 342 οῗὸασι
474 301 581 352 (2,1;
606 305 673 350 35,
693 306 750 353 3),
783 304 863 343 etsi
885 305 1010 344 etiam
1032 306 1159 345 Attici
1192 305 1269 345 hac
1299 304 1431 346 forma
1464 319 1667 348 nonnum-

293 387 429 427 quam,
464 375 534 417 sed
566 377 702 417 rarius
735 376 798 418 usi
829 388 921 417 esse
953 378 1156 419 videntur.
1170 379 1202 429 ¹)

410 453 503 499 33,ss
548 450 593 500 V,
625 451 696 502 qui
733 451 773 491 in
813 451 891 492 hac
922 451 1016 493 libri
1054 456 1173 505 parte
1211 457 1352 495 textus
1389 454 1667 496 constituendi

296 523 613 565 fundamentum
641 528 715 574 est,
748 524 848 565 haec
879 525 1069 577 praebet:
1105 549 1154 554 —
1176 521 1257 580 τὴν
1289 523 1444 580 φωνὴν
1476 527 1665 569 εἰδέναι·

294 593 607 650 ἀκριβέστερον
648 593 732 651 γὰρ
774 595 829 639 ἄν
869 614 909 639 τι
953 597 1271 653 συνήκαμευ2);
1312 601 1456 642 eadem
1502 606 1669 644 exstant

293 673 335 712 in
370 671 413 711 B
440 676 480 712 et
502 669 606 723 ΕΒ).
645 670 681 713 C
709 673 875 714 exhibet
906 673 1024 714 haec:
1057 669 1138 727 τὴν
1169 669 1325 728 φωνὴν
1357 669 1668 728 ἀκριβεστέραν

250 758 255 759 ’
294 748 407 799 ἔχειν
439 743 494 787 ἄν
516 762 555 786 τι
579 743 887 800 συνήκαμεν.4)
949 747 1086 789 Verba
1117 749 1247 800 igitur
1278 745 1333 789 ἄν
1354 765 1394 789 τι
1417 747 1668 803 συνήκαμεν

294 821 335 860 111
367 820 570 871 omnibus,
604 821 674 873 qui
695 821 744 862 de
765 821 842 862 hac
862 833 907 862 re
927 822 1066 864 collati
1087 827 1196 874 sunt,
1229 823 1436 865 codicibus
1459 824 1666 875 leguntur.

294 894 543 945 Drosihnus,
584 896 663 936 etsi
694 895 783 948 ipse
820 908 981 948 quoque
1019 897 1068 938 de
1102 896 1231 938 BDC
1258 898 1465 949 scriptura
1496 898 1667 949 sciebat,

293 974 432 1009 tamen
465 969 536 1009 illa
566 969 695 1010 verba
725 970 932 1021 glossema
963 975 1088 1022 atque
1120 971 1159 1011 id
1192 971 1428 1012 mutilatum
1462 984 1554 1013 esse
1575 984 1668 1013 cen-

293 1042 388 1084 suit.
454 1043 516 1083 {ta
547 1042 632 1084 fere
664 1044 754 1085 eius
777 1045 984 1086 sententia
1006 1045 1213 1096 glossator
1234 1046 1415 1087 scribere
1448 1046 1665 1088 debuerat:

293 1111 604 1169 ἀκριβέστερον
641 1113 724 1171 γὰρ
757 1114 812 1159 ἄν
838 1134 878 1159 τι
910 1121 1117 1172 συνίεμεν
1149 1114 1199 1161 τὰ
1231 1117 1445 1173 λεγόμενά
1476 1135 1581 1162 ποτε
1611 1134 1665 1162 SC.

293 1192 332 1231 εἰ
362 1185 488 1231 αὐτοὶ
520 1187 599 1246 τὴν
638 1188 794 1246 φωνὴν
825 1190 1014 1247 ᾔδειμεν.
1082 1194 1129 1235 In
1172 1206 1218 1235 00
1258 1195 1388 1246 igitur
1434 1195 1666 1236 Drosihnus

293 1264 499 1307 offendere
530 1267 705 1318 videtur,
738 1268 848 1320 quod
871 1269 1101 1320 imperfecti
1124 1271 1330 1322 συνίεμεν
1362 1269 1450 1311 1000
1484 1270 1666 1311 aoristus

293 1337 545 1394 συυήκαμεν
566 1344 727 1394 positus
751 1347 825 1384 est.
878 1343 933 1384 At
956 1344 997 1384 in
1020 1343 1096 1384 1100
1118 1343 1276 1384 nullam
1309 1355 1400 1385 esse
1422 1344 1668 1396 suspicionis

293 1426 459 1455 causam
492 1415 555 1456 vel
597 1428 666 1467 ea,
698 1429 803 1469 quae
848 1430 897 1458 ex
938 1417 1125 1458 Platonis
1169 1417 1345 1468 dialogis
1386 1418 1668 1469 Kruegerus5)

293 1489 459 1539 attulit,
502 1490 691 1543 exempla
723 1492 826 1532 satis
859 1490 1085 1533 declarant.
1158 1491 1318 1532 Deinde
1361 1492 1469 1544 quod
1508 1492 1580 1534 illa
1616 1488 1668 1533 τὰ

293 1559 506 1616 λεγόμενά
539 1579 643 1605 ποτε
675 1566 828 1607 omissa
860 1570 968 1617 sunt,
1002 1566 1102 1607 haec
1126 1578 1207 1607 non
1228 1567 1366 1607 minus
1391 1565 1512 1607 facile
1542 1579 1666 1618 quam

293 1637 576 1679 condicionale
603 1640 864 1681 enuntiatum
897 1641 935 1680 εἰ
961 1635 1139 1694 ᾔδειμεν
1171 1653 1219 1680 ex
1241 1640 1472 1681 sententiae
1504 1641 1668 1682 ratione

293 1711 550 1763 supplentur.
598 1714 752 1766 ¹ltaque
785 1714 871 1756 cod.
895 1715 931 1755 V
962 1715 1091 1755 secuti
1121 1715 1367 1756 scribemus:
1400 1709 1480 1767 τὴν
1512 1709 1667 1768 φωνὴν

292 1784 478 1827 εἰδέναι·
498 1782 807 1840 ἀκριβέστερον
840 1783 922 1841 γὰρ
954 1784 1009 1830 ἄν
1041 1804 1079 1829 τι
1111 1785 1375 1842 συνήκαμεν.

407 1860 490 1902 Cur
528 1862 577 1904 de
608 1863 684 1904 1100
720 1863 809 1905 1000
851 1864 973 1904 verba
1013 1862 1259 1914 faceremus,
1302 1864 1343 1904 id
1379 1868 1470 1905 erat
1502 1874 1665 1913 causae,

292 1936 399 1988 quod
439 1937 479 1977 in
519 1937 586 1987 iis,
627 1950 733 1989 quae
772 1938 889 1980 nobis
927 1939 1118 1980 videntur
1155 1938 1195 1979 111
1234 1943 1393 1980 textum
1429 1936 1666 1988 recipienda

409 2049 437 2091 1)
464 2049 515 2083 Cf.
534 2049 712 2083 Kuehner.
739 2060 883 2092 gramm.
911 2050 969 2084 Gr.
996 2050 1012 2083 Ι
1036 2061 1068 2092 p.
1089 2051 1165 2084 681.
1206 2049 1312 2093 Apud
1348 2049 1564 2092 posteriores
1599 2049 1666 2082 hae

292 2107 426 2141 formae
453 2118 520 2141 non
545 2117 628 2141 raro
653 2113 852 2142 occurrunt.
903 2108 958 2141 Ex
984 2107 1162 2150 prioribus
1192 2112 1333 2150 praeter
1357 2106 1574 2140 Herodotum
1601 2104 1666 2139 soli

292 2165 557 2198 commemorari
593 2170 739 2207 possunt
776 2165 862 2199 Xen.
902 2164 983 2199 Oec.
1017 2167 1072 2208 20,
1111 2166 1169 2207 14;
1207 2164 1285 2208 Lys.
1326 2166 1383 2207 11,
1418 2166 1447 2197 1.
1500 2166 1515 2197 1
1541 2174 1592 2206 ps.
1617 2162 1665 2206 pl.

294 2221 451 2263 οἴδαμεν
477 2221 551 2264 ipsa
571 2232 711 2265 qnoque
729 2221 877 2264 singulis
902 2222 986 2256 locis
1005 2221 1229 2264 Antiphontis
1250 2223 1292 2263 12,
1308 2222 1339 2258 31
1368 2225 1401 2254 et
1418 2218 1666 2262 Xenophontis

293 2278 419 2315 (Anah.
447 2280 485 2322 2,
509 2281 550 2321 4,
575 2280 609 2321 6)
642 2284 675 2312 et
708 2278 863 2312 Platonis
894 2278 1019 2320 (Alcib.
1051 2278 1085 2311 II
1114 2280 1221 2321 1410)
1255 2282 1371 2311 exstat
1395 2276 1573 2311 codicibus
1597 2285 1665 2309 non

291 2334 599 2370 consentientibus.
657 2332 773 2374 Οἶδας
798 2335 892 2378 apud
917 2335 1187 2378 Xenophontem
1220 2334 1372 2368 occurrit
1397 2335 1436 2376 4,
1469 2334 1507 2376 6,
1533 2335 1564 2367 6.
1611 2331 1665 2366 De

293 2392 358 2425 hac
383 2394 495 2425 torma
521 2391 557 2425 cf
592 2392 721 2436 Phryn.
748 2392 801 2426 ed.
827 2392 915 2426 Lob.
939 2403 973 2437 p.
999 2394 1124 2435 23sssq.

409 2447 435 2490 2)
463 2447 505 2482 cf.
532 2447 692 2482 Mueller.
718 2448 740 2482 l.
766 2448 788 2484 1.
815 2460 847 2492 p.
873 2451 927 2483 54.

406 2505 434 2548 3)
463 2505 634 2540 Drosihni
659 2505 738 2540 edit.
767 2516 800 2549 p.
828 2507 881 2540 27.

405 2562 433 2605 ⁴)
461 2562 610 2597 Mueller
635 2574 669 2607 p.
697 2564 752 2597 54.

407 2620 436 2663 ⁵)
463 2620 624 2664 Sprachl.
651 2620 670 2665 ἓ
688 2622 864 2664 54,10,5;
892 2621 934 2655 de
960 2620 1078 2655 eadem
1095 2630 1134 2654 re
1152 2620 1193 2655 cf.
1213 2620 1409 2663 exemplum
1435 2629 1455 2652 a
1474 2618 1663 2654 Kuehnero

294 2679 326 2711 in
355 2689 499 2720 gramm.
527 2677 649 2713 Graec.
673 2679 710 2712 II
734 2689 769 2722 p.
796 2680 863 2712 974
887 2679 1044 2712 allatum.
