1888 3170
850 173 1130 210 -76—

308 283 434 324 animi
485 284 603 335 quasi
657 283 852 335 mutatio,
910 296 990 336 qua
1039 285 1148 326 mala
1193 285 1513 337 exstinguuntur
1558 287 1671 339 (11,1

308 356 469 409 ἐξαιρεῖ
511 352 647 399 αὐτὸν
696 357 741 399 ἐκ
789 360 878 399 τῶν
918 359 1095 412 κακῶν).
1171 361 1346 402 Frustra
1392 360 1522 402 adhuc
1567 361 1675 413 apud

306 435 465 473 veteres
517 432 784 484 philosophos
831 433 1014 485 quaesivi
1057 434 1185 486 locos,
1230 434 1378 486 quibus
1418 435 1675 487 paenitentia

308 506 448 547 eodem
488 510 611 558 atque
651 507 693 548 in
734 507 893 548 Tabula
937 520 1106 549 numero
1145 509 1372 550 haberetur
1387 507 1431 561 1).
1507 510 1674 560 Tamen,

306 579 546 621 vocabulum
579 581 615 621 si
635 581 803 621 missum
836 580 950 632 facis,
982 582 1189 623 sententia
1219 582 1361 623 eadem
1387 582 1496 634 apud
1517 581 1675 624 Stoicos

307 654 501 696 obvenire
548 654 649 695 mihi
691 654 870 706 videtur,
915 655 984 707 qui
1026 656 1247 697 sescenties
1294 660 1544 698 monuerunt
1589 661 1675 698 tam

306 727 573 780 depravatam
613 741 704 770 esse
745 728 958 770 hominum
996 734 1210 781 naturam,
1254 734 1299 772 ut
1342 730 1444 771 vitia
1484 732 1674 774 omnibus

306 802 470 854 penitus
513 807 649 844 essent
687 801 813 844 infixa
844 802 1292 856 transfigurationeque
1332 817 1434 856 opus
1467 810 1596 857 esset,
1640 805 1676 847 si

306 876 398 928 quis
429 876 482 918 ad
513 878 709 918 virtutem
741 880 782 918 et
814 877 1116 919 beatitudinem
1137 879 1261 920 vellet
1283 880 1511 931 pervenire.
1558 880 1677 923 Hanc

305 950 605 1001 paenitentiam
636 950 789 993 Seneca
830 951 993 992 videtur
1031 953 1306 1004 significasse,
1353 964 1446 994 cum
1477 954 1677 996 scriberet

307 1036 368 1076 ep.
403 1028 488 1076 6,1:
521 1026 737 1077 Intellego,
770 1025 918 1077 Lucili,
949 1039 1016 1068 me
1046 1039 1129 1068 11011
1161 1028 1372 1070 emendari
1394 1033 1573 1080 tantum,
1605 1029 1677 1070 sed

307 1098 597 1150 transfigurari
616 1132 625 1140 .
643 1132 651 1141 .
670 1132 678 1141 .
723 1100 780 1141 Et
812 1100 886 1142 hoc
908 1102 1044 1153 ipsum
1066 1107 1360 1155 argumentum
1383 1107 1445 1145 est
1466 1103 1508 1144 in
1529 1103 1676 1145 melius

306 1174 502 1214 translati
541 1175 687 1227 animi,
732 1175 841 1227 quod
872 1176 975 1218 vitia
1007 1189 1102 1228 sua,
1144 1189 1249 1229 quae
1280 1178 1412 1220 adhuc
1441 1179 1676 1230 ignorabat,

306 1246 417 1290 videt
450 1248 518 1300 (Cf.
551 1249 694 1293 Tabul.
729 1255 845 1304 35‚4:
878 1250 949 1292 καὶ
979 1254 1250 1294 πεισθῶσιν.
1272 1287 1279 1294 .
1301 1253 1340 1301 .).

756 1384 794 1426 d.
827 1384 894 1425 De
924 1384 1220 1426 virtutibus.

420 1477 606 1521 Virtutes
639 1484 732 1533 20‚3
757 1486 1052 1523 enumerantur
1073 1482 1169 1523 hae:
1200 1477 1450 1536 Ἐπιστήμη,
1481 1478 1679 1537 ἀνδρεία,

307 1549 582 1608 δικαιοσύνη,
600 1551 916 1609 καλοκάγαθία,
933 1554 1215 1610 σωφροσύνη,
1233 1552 1419 1609 εὐταξία,
1436 1556 1677 1611 ἐλευθερία,

306 1623 550 1680 ἐγκράτεια,
593 1627 795 1685 πρᾳότης.
870 1630 1059 1682 Mireris,
1109 1631 1217 1683 quod
1265 1644 1314 1673 ex
1356 1636 1551 1683 quattuor
1593 1633 1676 1673 illis

305 1701 602 1755 principalibus
626 1704 849 1747 virtutibus
871 1702 1088 1759 φρόνησις
1109 1707 1261 1747 omissa
1282 1710 1347 1748 est
1369 1718 1499 1760 eaque
1529 1708 1676 1759 virtus,

305 1788 429 1828 quam
460 1777 592 1829 primo
624 1779 712 1820 loco
744 1791 896 1831 ponere
929 1783 970 1821 et
1000 1780 1223 1832 praecipuo
1254 1780 1410 1821 honore
1439 1781 1678 1823 existimare

305 1851 550 1904 solebant2)‚
573 1856 661 1894 toto
679 1853 816 1896 libello
837 1866 919 1895 non
937 1859 1295 1896 commemoratur.
1331 1855 1544 1907 (Verbum,
1568 1856 1678 1909 quod

305 1929 367 1966 est
409 1934 595 1979 φρονεῖν
641 1930 821 1970 occurrit
862 1930 992 1982 41,3).
1065 1929 1306 1972 Cleanthem
1353 1930 1470 1971 illum
1512 1931 1677 1983 quidem

304 1999 550 2043 Plutarchus
592 2003 641 2044 de
682 2003 804 2046 Stoic
844 2017 928 2057 rep.
970 2007 1037 2056 7,4
1078 2005 1206 2045 tradit
1249 2001 1471 2058 φρόνησιν
1514 2006 1556 2046 111
1596 2006 1678 2046 vir-

304 2075 465 2116 tutibus
497 2089 579 2118 non
612 2090 851 2120 numerasse
883 2079 1053 2131 eiusque
1082 2079 1170 2120 loco
1191 2079 1379 2131 posuisse
1407 2077 1675 2133 ἐγκράτειαν.

306 2148 386 2191 Sed
419 2162 509 2191 cum
544 2151 766 2194 Cleanthes
797 2157 844 2194 ut
864 2154 923 2194 ita
944 2157 1162 2204 statueret,
1196 2165 1245 2195 ea
1276 2166 1320 2194 re
1352 2154 1575 2206 perductus
1607 2157 1676 2208 sit,

420 2263 447 2307 1)
473 2266 503 2297 A
529 2264 655 2301 Stoicis
679 2266 894 2310 paenitentia
919 2268 955 2301 in
986 2267 1170 2302 affectibus
1204 2268 1415 2312 ducebatur,
1450 2268 1492 2302 cf.
1518 2268 1608 2302 Plut.
1634 2269 1677 2302 de

304 2332 334 2355 v.
358 2331 446 2357 mor.
479 2332 507 2356 c.
536 2324 576 2356 12
602 2328 637 2357 et
667 2323 809 2369 Didymi
840 2324 883 2359 fr.
909 2325 1009 2360 Mun.
1035 2326 1081 2367 II,
1105 2336 1138 2368 p.
1164 2327 1224 2368 80,
1256 2325 1316 2359 ubi
1347 2326 1562 2369 paenitentia
1595 2326 1677 2360 dici-

303 2383 362 2412 tur
399 2378 720 2424 κακοὸαιμονικόν
751 2394 785 2415 τι
819 2378 946 2422 πάθος
977 2384 1101 2427 ψυχῆς
1131 2382 1195 2416 καὶ
1226 2384 1434 2423 στασιῶδες.
1483 2382 1679 2417 Salutarem

303 2436 412 2480 illam,
438 2438 479 2471 de
505 2449 574 2482 qua
591 2440 626 2473 in
645 2440 781 2475 Tabula
799 2441 928 2485 agitur,
953 2441 1202 2485 paenitentiam
1219 2435 1523 2476 commemoratam
1541 2441 1678 2475 invenio

304 2494 465 2530 Democr.
496 2495 541 2530 fr.
567 2499 648 2542 102,
681 2497 782 2533 Mun.
817 2509 850 2542 p.
877 2500 960 2533 347:
997 2498 1198 2542 μεταμελιή
1233 2493 1288 2531 ἐπ’
1315 2497 1496 2543 αἰσχροῖσι
1524 2496 1677 2544 ἔργμασι

305 2551 389 2595 βίου
415 2554 585 2598 σωτηρίη.

421 2609 447 2646 ²)
475 2611 527 2645 De
554 2611 749 2646 Stoicorum
775 2611 934 2647 doctrina
959 2621 1050 2655 quae
1068 2616 1144 2646 erat
1169 2611 1210 2645 de
1226 2611 1415 2647 virtutibus
1433 2612 1535 2656 Diog.
1560 2613 1676 2647 Laert.

305 2665 373 2700 VII
397 2668 451 2711 92,
477 2668 570 2703 Plut.
597 2668 639 2702 de
665 2679 695 2704 v.
719 2679 806 2704 mor.
832 2671 871 2713 2;
898 2670 938 2704 de
964 2669 1072 2705 Stoic.
1096 2679 1170 2713 rep.
1198 2671 1265 2713 7‚1.
