1888 3170
709 197 990 234 —25—

167 305 426 348 Demetrius“
463 311 587 359 atque
623 311 788 358 „noster
823 307 1118 363 Chrysippus“.
1187 308 1277 350 Hac
1312 311 1448 350 autem
1490 319 1535 349 re

166 381 209 421 in
240 380 527 432 disquisitione
565 382 616 423 de
661 382 893 434 philosophi
934 384 1029 425 libri
1079 383 1238 436 origine
1280 382 1536 425 instituenda

169 454 348 496 maxima
400 455 583 497 nascitur
633 454 869 498 difficultas.
961 458 1038 508 Qui
1091 458 1209 499 enim.
1251 457 1438 499 effectum
1484 455 1537 497 ad

168 541 301 571 mores
333 530 609 582 pertinentem
641 531 778 583 potius
800 543 923 583 quam
956 532 1355 574 demonstrationem
1375 532 1537 573 ratione

168 616 215 645 ac
275 604 343 645 via
391 604 684 657 perficiendam
735 605 814 647 sibi
864 607 1080 659 proposuit
1129 607 1180 648 ob
1230 619 1402 659 eamque
1452 617 1537 647 rem

169 690 229 729 ea,
261 690 367 730 quae
397 678 585 731 pluribus
629 678 755 721 sectis
797 681 1031 722 communia
1071 684 1187 732 sunt,
1226 681 1358 733 magis
1389 679 1541 733 premit

169 765 291 806 quam
325 766 387 804 ea,
420 766 525 806 quae
550 765 632 795 non
666 754 929 806 conveniunt,
963 756 1112 807 quique
1133 755 1391 797 diversarum
1422 753 1541 796 fami-

169 827 317 868 liarum
350 828 618 881 philosophos
650 828 808 880 laudat,
853 842 960 882 eum,
993 830 1077 871 nisi
1110 830 1276 872 aliunde
1307 830 1423 872 cuius
1456 841 1542 870 sec-

169 905 280 943 tator
310 905 350 943 et
381 902 545 955 quando
568 902 707 955 fuerit,
740 904 994 956 cognoveris,
1027 917 1109 946 non
1131 904 1255 946 facile
1286 908 1426 946 certae
1458 903 1542 944 cui—

170 975 266 1017 dam
297 981 434 1018 sectae
465 979 591 1029 atque
623 978 753 1019 aetati
786 978 1040 1031 assignabis3
1074 979 1153 1020 nisi
1187 978 1295 1030 quod
1322 978 1364 1019 id
1394 978 1542 1030 ipsum,

172 1050 279 1103 quod
311 1052 551 1103 popularem
605 1052 674 1104 qui
714 1052 866 1094 dicitur
900 1052 1192 1105 philosophum
1229 1056 1270 1095 et
1306 1053 1545 1094 eclecticum

172 1137 215 1166 se
256 1126 450 1177 praebet,
483 1126 730 1168 documento
772 1139 861 1168 esse
902 1126 1012 1168 infra
1045 1128 1277 1169 videbimus
1317 1127 1547 1169 recentiore

172 1211 262 1240 eum
296 1203 434 1242 aetate
466 1199 606 1242 fuisse.
670 1200 853 1242 Similem
891 1202 997 1253 eius,
1043 1201 1092 1242 de
1135 1214 1215 1253 qua
1255 1213 1330 1243 nos
1370 1201 1545 1254 agimus,

173 1275 430 1325 quaestionis
470 1275 754 1317 condicionem
787 1287 899 1328 esse,
941 1276 1005 1317 vel
1037 1289 1086 1318 ex
1117 1288 1164 1317 eo
1203 1276 1301 1318 licet
1331 1275 1548 1329 suspicari,

173 1349 281 1400 quod
313 1350 627 1402 disciplinarum
659 1350 982 1403 Pythagoricae,
1022 1350 1254 1401 Eleaticae,
1297 1349 1547 1401 Socraticae,

174 1423 430 1475 Platonicae,
465 1424 641 1477 Stoicae,
671 1425 849 1478 Cynicae
872 1426 1049 1477 vestigia
1072 1426 1113 1466 in
1134 1425 1297 1466 Tabula
1320 1425 1549 1477 deprehen-

175 1498 286 1541 disse
317 1500 395 1541 viri
428 1500 538 1542 docti
570 1501 647 1542 sibi
680 1501 756 1542 visi
789 1504 900 1553 sunt.
969 1500 1087 1551 Quod
1123 1511 1204 1552 quo
1237 1500 1327 1541 iure
1365 1498 1549 1550 fecerint,

176 1586 283 1615 nunc
314 1574 540 1616 videamus.

290 1649 424 1701 Atque
447 1650 623 1702 primum
643 1649 948 1703 Pythagoricae
969 1652 1012 1691 et
1032 1648 1246 1691 Eleaticae
1269 1648 1552 1690 doctrinarum

175 1724 352 1776 vestigia
384 1724 680 1778 distinguenda
712 1728 810 1766 sunt
841 1736 864 1765 a
897 1723 1062 1765 Stoicae
1095 1727 1136 1765 et
1162 1722 1342 1776 Cynicae
1373 1722 1554 1774 discipli-

177 1810 322 1839 narum
345 1799 553 1850 vestigiis,
587 1799 669 1840 illis
691 1799 814 1849 enim,
847 1810 939 1839 cum
969 1810 1043 1850 per
1065 1796 1277 1838 Socratem
1310 1796 1363 1838 ad
1388 1796 1554 1838 Pinacis

179 1878 388 1915 auctorem
421 1874 584 1915 illarum
608 1877 814 1916 sectarum
837 1873 1034 1926 dogmata
1064 1884 1310 1925 permanare
1331 1871 1554 1923 potuerint,

178 1961 261 1991 non
293 1953 484 1990 vetamur
515 1948 715 1990 Tabulam
746 1948 930 1990 iudicare
963 1946 1146 1998 Cebetis;
1181 1946 1283 1987 haec
1314 1958 1411 1987 vero
1445 1946 1479 1987 si
1511 1957 1556 1986 re

179 2037 278 2066 vera
310 2028 474 2066 exstare
506 2023 836 2077 cognoverimus,
868 2021 957 2063 fieri
981 2033 1062 2063 non
1084 2021 1253 2074 poterit,
1286 2020 1385 2072 quin
1416 2032 1557 2061 recen-

179 2097 286 2142 tiore
318 2102 458 2141 aetate
489 2101 699 2140 auctorem
723 2097 848 2139 fuisse
871 2107 1123 2138 censeamus.
1177 2095 1236 2136 De
1264 2093 1440 2136 Platone
1471 2106 1558 2135 am*-

180 2175 306 2226 bigua
347 2186 413 2215 res
455 2177 537 2224 est,
580 2185 671 2214 cum
705 2171 899 2214 Cebetem
941 2171 993 2212 ab
1036 2169 1198 2222 aequali
1246 2181 1319 2210 suo
1361 2169 1560 2210 nonnulla

180 2250 368 2302 accipere
400 2248 587 2301 potuisse
617 2247 765 2301 negari
787 2259 869 2288 non
891 2246 1034 2298 possit,
1068 2248 1255 2286 attamen
1276 2243 1442 2286 aliunde
1473 2255 1560 2285 cer-

181 2324 308 2366 tiores
339 2336 420 2366 non
452 2323 600 2365 fiamus
631 2323 812 2364 minores
844 2321 935 2362 illos
968 2320 1036 2372 qui
1069 2320 1260 2360 dicuntur
1281 2318 1515 2360 Socraticos
1537 2330 1561 2359 a

183 2412 296 2441 mera
327 2402 368 2440 et
398 2399 562 2450 integra
593 2397 777 2439 Socratis
809 2395 998 2437 doctrina
1028 2393 1260 2435 recessisse.

297 2473 588 2527 Pythagoricis
622 2475 836 2514 auctorem
874 2469 1027 2511 favisse
1059 2468 1296 2509 Bruckerus
1335 2466 1562 2518 contendit,

183 2563 231 2593 eo
263 2549 448 2590 Tabulae.
480 2549 581 2599 loco,
615 2560 694 2600 quo
716 2545 996 2599 Pythagorica
1031 2544 1113 2584 vita
1145 2542 1406 2584 collaudatur
1437 2545 1494 2592 (2,
1520 2524 1562 2580 2)

184 2629 226 2675 et
252 2624 433 2666 absurdo
455 2623 526 2665 illo
544 2623 697 2665 Suidae
720 2624 980 2673 argumento,
1013 2619 1062 2660 de
1083 2629 1162 2671 quo
1185 2629 1310 2670 supra
1333 2613 1564 2669 diximus¹),

300 2710 333 2753 1)
357 2690 461 2754 {fii
488 2720 540 2754 sq.
