1888 3170
889 179 1171 217 —68-..

341 293 548 335 tissimum
591 291 850 344 propositum
895 290 1112 343 habuisse,
1156 295 1204 333 ut
1248 291 1486 333 ostenderet
1527 291 1712 332 homines

341 378 449 408 vana
480 366 675 419 opinione
706 365 928 407 obstrictos
959 377 1100 407 earum
1131 378 1268 407 rerum
1295 366 1535 418 plerumque
1564 369 1713 418 putare

341 453 385 483 se
418 440 633 482 scientiam
665 444 875 481 assecutos
907 451 1017 491 esse,
1058 440 1109 481 de
1139 440 1288 492 quibus
1318 440 1561 491 ignorarent
1591 440 1713 490 (Xen.

341 527 487 557 comm.
512 518 550 566 3,
574 518 612 565 9,
636 517 679 564 63
711 514 818 555 Plat.
844 515 950 566 apol.
976 515 1088 565 2ld3
1122 518 1207 556 29a
1228 527 1302 567 sq.,
1328 517 1430 564 33c;
1456 513 1550 567 Lys.
1577 513 1713 565 218b3

342 589 472 630 Alcib.
509 587 661 641 117d).
723 589 787 629 Ex
818 589 894 629 hac
924 589 1034 630 inter
1065 589 1277 631 Socratem
1316 592 1358 630 et
1388 587 1582 630 Cebetem
1619 600 1715 629 con-

342 664 535 705 sensione
577 675 629 703 ne
667 663 765 715 quid
803 663 852 703 de
889 662 1075 704 Tabulae
1113 663 1272 715 origine
1310 662 1584 715 colligendum
1624 673 1714 703 esse

343 738 566 787 existimes,
599 737 876 778 recentiorum
907 738 1019 779 locos
1050 737 1249 790 quosdam
1282 736 1532 788 transcribo,
1565 736 1714 790 quibus

341 812 443 853 illud
477 811 661 853 Socratis
693 811 863 852 minime
899 811 1112 864 proprium
1149 811 1278 853 fuisse
1317 810 1533 852 efficiatur.
1595 810 1715 862 Apud

346 886 523 927 Dionem
547 885 889 939 Chrysostomum
912 899 969 927 or.
996 889 1043 927 11
1075 899 1112 938 p.
1140 890 1219 928 178
1241 886 1364 927 Dind.
1387 885 1488 927 haec
1517 886 1715 938 legimus:

343 955 643 1014 ἀμαθέστατοι
685 957 807 1010 ὄντες
844 958 1264 1014 πολυμαθεστάτους
1296 955 1479 1009 ἑαυτοὺς
1513 963 1715 1014 νομίζου-

343 1045 451 1076 σιν.
487 1068 496 1077 .
529 1068 538 1076 .
571 1033 734 1076 τούτου
772 1033 820 1076 δὲ
863 1033 1001 1088 μηδὲν
1041 1032 1153 1076 εἶναι
1195 1032 1368 1088 νόσημα
1414 1031 1714 1088 χαλεπώτερον

343 1106 448 1163 μήτε
479 1108 545 1150 ἑνὶ
575 1106 680 1163 μήτε
714 1113 904 1158 πολλοῖς,
936 1104 962 1163 ἢ
996 1106 1102 1150 ὅταν
1133 1125 1196 1158 τις
1227 1105 1402 1163 ἀμαθὴς
1431 1104 1494 1150 ὢν
1516 1107 1716 1164 σοφώτα-

342 1199 420 1225 τον
453 1179 612 1225 ἑαυτὸν
642 1187 797 1237 νομίζῃ
816 1195 824 1204 ·
842 1180 946 1232 τοὺς
976 1180 1060 1237 γὰρ
1088 1181 1320 1233 τοιούτους
1349 1186 1439 1225 τῶν
1461 1180 1716 1237 ἀνθρώπων

343 1257 558 1311 μηδέποτε
596 1255 820 1300 δύνασθαι
862 1259 937 1312 τῆς
974 1253 1155 1311 ἀγνοίας
1191 1253 1473 1312 ἀπολυθῆναι
1505 1258 1585 1311 (Cf.
1616 1259 1716 1301 Tab.

344 1336 458 1374 352:
485 1328 787 1385 ἀκινητότεροι
810 1327 834 1386 ἢ
863 1331 1218 1386 δυσμαθέστεροί
1234 1334 1336 1383 εἰσι;
1373 1337 1489 1383 35,3:
1509 1365 1518 1372 .
1538 1365 1546 1373 .
1567 1327 1716 1388 ἀκινή-

343 1422 446 1456 τους
477 1402 639 1456 αὐτοὺς
671 1403 840 1460 ἀνάγκη
873 1404 985 1449 εἶναι
1011 1403 1119 1459 πρὸς
1140 1402 1188 1448 τὸ
1213 1403 1356 1460 ὁρμᾶν
1377 1403 1486 1461 πρὸς
1509 1403 1591 1462 τὴν
1612 1403 1716 1460 ἄλη-

342 1477 481 1534 θινὴν
512 1483 745 1533 παιδείαν).
799 1482 859 1523 Id.
893 1494 952 1523 or.
990 1486 1040 1523 10
1072 1495 1110 1534 p.
1144 1485 1222 1523 166
1256 1482 1384 1523 Dind:
1419 1478 1515 1523 ὅσοι
1547 1478 1631 1535 γὰρ
1663 1477 1718 1523 ἂν

344 1550 529 1608 ἀμαθεῖς
567 1552 691 1605 ὅντες
728 1558 944 1597 πεισθῶσι
984 1554 1112 1609 σοφοὶ
1144 1552 1275 1605 εἶναι,
1314 1546 1437 1597 οὗτοι
1461 1553 1575 1598 πολύ
1606 1558 1718 1598 εἰσιν

349 1624 612 1682 ἀθλιώτεροι
643 1632 733 1671 τῶν
764 1626 908 1671 ἄλλων
939 1624 1158 1671 ἁπάντων.
1219 1630 1375 1672 Eodem
1414 1632 1627 1683 pertinent
1656 1644 1717 1683 ea,

345 1704 498 1755 quibus
531 1704 685 1746 Seneca
716 1705 895 1757 castigat
925 1704 1115 1746 homines
1146 1705 1381 1746 liberalium
1412 1707 1564 1747 artium
1595 1707 1718 1748 nimis

347 1778 555 1820 studiosos
579 1778 660 1830 (ep.
685 1778 858 1830 88,37):
891 1778 1026 1829 Quid?
1059 1780 1167 1831 quod
1197 1779 1278 1821 ista
1309 1780 1546 1822 liberalium
1567 1781 1718 1822 artium

344 1853 594 1894 consectatio
632 1853 849 1904 molestos,
887 1853 1104 1905 verbosos,
1142 1855 1475 1907 intempestivos,
1518 1855 1596 1896 sibi
1634 1856 1720 1907 pla-

344 1930 484 1968 centes
514 1927 615 1968 facit
646 1931 688 1968 et
719 1927 812 1970 ideo
843 1940 925 1969 non
948 1928 1152 1970 discentes
1173 1929 1418 1980 necessaria,
1452 1929 1551 1982 quia
1573 1941 1717 1982 super-

345 2013 527 2042 vacanea
557 2002 802 2044 didicerunt.

853 2169 891 2211 b.
925 2170 993 2212 De
1023 2170 1180 2213 vitiis.

461 2278 648 2320 Primum
680 2278 899 2320 dicendum
931 2283 994 2321 est
1025 2279 1074 2320 de
1105 2280 1415 2334 Insipientia1),
1447 2294 1551 2334 quae
1581 2283 1720 2336 aenig—

345 2355 458 2393 mate
489 2353 574 2405 illo,
608 2354 717 2405 quod
741 2353 978 2395 hominibus
1000 2354 1195 2406 proponit
1218 2357 1275 2406 (3,
1296 2355 1351 2408 2),
1384 2356 1450 2409 iis,
1473 2358 1542 2409 qui
1573 2357 1614 2398 id
1636 2370 1720 2399 non

463 2493 491 2536 1)
517 2487 719 2537 ἀφροσύνη
746 2504 956 2538 quamquam
983 2495 1086 2529 etiam
1111 2495 1146 2529 in
1175 2497 1288 2530 causis
1317 2497 1516 2532 vitiositatis
1541 2500 1719 2533 numerari

345 2555 504 2594 poterat,
535 2555 649 2585 tamen
675 2552 734 2586 hic
759 2553 842 2586 mihi
867 2553 1005 2586 videtur
1029 2555 1328 2588 commemoranda
1353 2565 1443 2599 esse,
1476 2556 1567 2599 quod
1591 2556 1719 2599 ubique

345 2608 380 2641 in
405 2608 568 2641 vitiorum
594 2609 857 2644 enumeratione
883 2610 956 2644 eius
980 2609 1021 2643 fit
1046 2611 1176 2645 mentio
1201 2616 1235 2645 et
1256 2606 1456 2656 α’φροσύνη
1483 2623 1525 2648 ex
1550 2619 1719 2657 quattuor

346 2664 415 2699 illis
439 2665 629 2700 virtutibus
654 2666 698 2710 ei,
723 2677 812 2710 quae
838 2663 1019 2710 φρόνησις
1043 2668 1253 2712 nominatur,
1278 2669 1366 2703 solet
1390 2671 1531 2714 opponi.
