1888 3170
874 192 1155 230 ..82-

328 322 373 348 τε
406 302 500 348 ὄντι
528 303 597 346 καὶ
621 300 702 358 τὴν
725 298 883 358 ὁμοίαν
904 300 1042 357 φύσιν
1063 305 1205 356 ἔχοντι
1227 303 1286 358 τῷ
1308 296 1387 342 τὸν
1409 298 1514 342 ὅλον
1534 297 1701 354 κόσμον

330 381 586 421 διοικοῦντι.

447 453 561 494 Haec
602 453 749 504 habui,
790 452 840 492 de
876 451 1212 504 philosophorum
1254 449 1419 502 placitis
1460 449 1503 489 in
1546 449 1703 489 Tabula

330 527 527 579 expositis
559 539 663 578 quae
694 526 886 568 dicerem.
948 526 1103 577 Atque,
1144 528 1191 566 ut
1236 524 1372 566 omnia
1403 524 1487 565 iam
1518 534 1701 573 compre-

330 601 521 652 hendam,
554 600 604 641 de
635 601 815 642 auctoris
847 602 960 640 secta
992 603 1033 640 et
1065 603 1201 640 aetate
1232 599 1333 639 haec
1353 599 1546 639 videntur
1568 601 1701 638 statu-

330 675 435 715 enda
465 686 575 716 esse:
621 674 862 715 Sententiae
893 673 942 714 de
973 672 1233 724 philosophia
1264 673 1308 712 in
1345 670 1510 712 Cebetis
1542 670 1701 711 Tabula

329 748 517 799 prolatae
558 759 640 788 non
681 747 932 789 conveniunt
974 758 1065 787 cum
1098 745 1286 797 Socrate,
1328 745 1400 787 sed
1431 757 1522 786 cum
1555 744 1704 786 Stoicis

330 822 462 874 iisque
503 822 745 863 recent-ioris
787 821 937 862 aetatis
975 820 1252 872 philosophis,
1297 832 1472 872 quorum
1504 831 1630 871 opera
1661 819 1704 859 in

330 896 478 937 morali
508 895 795 947 philosophiae
826 899 946 946 parte
966 894 1223 936 versabatur.
1285 895 1334 935 In
1365 893 1416 934 iis
1448 897 1600 944 autem,
1633 893 1705 944 qui

335 970 532 1022 proximis
564 973 662 1010 ante
695 968 789 1010 Chr.
813 981 853 1010 n.
887 972 928 1010 et
957 972 1050 1020 post
1082 968 1256 1010 saeculis
1279 967 1460 1017 fuerunt,
1494 972 1704 1008 auctorem

332 1043 632 1085 numerandum
657 1054 760 1094 esse,
793 1054 839 1084 eo
860 1042 1078 1093 evincitur,
1111 1042 1219 1094 quod
1240 1042 1282 1082 id
1302 1041 1564 1093 potissimum
1585 1044 1707 1092 putat

331 1117 581 1158 monendum
603 1129 708 1168 esse,
738 1129 877 1157 veram
900 1116 1176 1158 eruditionem
1197 1128 1280 1157 non
1300 1115 1532 1156 liberalium
1554 1116 1706 1156 artium

333 1192 520 1242 scientia7
543 1191 615 1231 sed
637 1203 797 1231 morum
819 1191 1075 1232 correctione
1092 1190 1296 1231 contineri
1315 1189 1503 1241 quodque
1521 1189 1706 1230 moribus

336 1265 602 1307 emendandis
633 1264 753 1305 unice
778 1264 966 1306 intentus
989 1264 1187 1306 abhorret
1209 1264 1260 1305 ab
1283 1268 1476 1305 accurate
1497 1267 1707 1305 exstructa

333 1338 564 1390 disciplina.
624 1337 782 1379 Eodem
813 1338 1008 1390 pertinet,
1041 1337 1149 1390 quod
1180 1337 1233 1378 ad
1263 1337 1480 1378 Platonem
1509 1341 1708 1390 provocat

335 1412 680 1463 Parmenidisque
697 1417 738 1453 et
753 1412 1015 1464 Pythagorae
1034 1412 1241 1453 rationein
1255 1411 1419 1452 vivendi
1440 1412 1648 1454 collaudat
1659 1411 1706 1465 ¹).

337 1487 598 1529 Conveniunt
635 1487 677 1527 in
710 1498 823 1538 eum,
862 1498 967 1538 quae
998 1485 1139 1527 Cicero
1172 1486 1222 1526 de
1252 1485 1320 1527 fin.
1353 1486 1412 1527 IV
1447 1489 1519 1537 28,
1554 1491 1625 1539 79,
1659 1486 1708 1527 de

332 1561 399 1603 off.
433 1560 475 1602 ΙΙ
499 1564 549 1603 35
583 1561 634 1602 (16
663 1560 981 1613 philosophandi
1020 1564 1060 1601 et
1091 1561 1297 1602 scribendi
1337 1572 1489 1612 genere
1520 1561 1708 1602 Panaetii

335 1635 518 1688 exponit,
542 1635 613 1687 qui
628 1647 756 1686 aeque
771 1646 818 1676 ac
838 1634 1086 1676 Posidonius
1104 1635 1267 1676 doctam
1288 1635 1493 1676 scribendi
1506 1635 1707 1676 rationein

334 1724 359 1752 a
398 1722 442 1751 se
482 1709 626 1750 reiecit
665 1721 850 1761 quaeque
891 1709 1009 1750 libris
1057 1709 1304 1761 illustravit,
1352 1710 1403 1750 ad
1449 1721 1708 1751 communem

338 1783 667 1836 intellegentiam
698 1783 1034 1824 accommodavit.
1047 1781 1080 1833 ²)

445 1858 559 1908 Quae
600 1857 737 1899 omnia
778 1870 842 1898 me
882 1857 1114 1908 adducunt,
1158 1861 1204 1898 ut
1234 1858 1437 1911 Zellero⁸)
1477 1858 1705 1909 adsentiar,

335 1932 452 1974 cuius
482 1931 609 1973 verba
640 1931 740 1972 haec
771 1935 888 1972 sunt:
948 1932 998 1972 In
1029 1930 1120 1972 dem
1152 1932 1291 1973 Inhalt
1322 1932 1395 1972 der
1425 1931 1579 1974 schrift
1608 1934 1711 1974 l‘asst

338 2007 426 2048 sich
458 2010 566 2047 trotz
598 2005 669 2046 der
700 2005 1012 2057 Farblosigkeit
1042 2007 1113 2047 des
1137 2005 1305 2046 Ganzen
1339 2006 1411 2046 der
1444 2006 1710 2058 Standpunkt

337 2081 451 2121 einer
465 2082 659 2132 spateren
677 2079 767 2120 Zeit
787 2079 831 2120 in
852 2079 923 2119 der
944 2079 1151 2121 stoischen
1175 2079 1306 2120 Mora]
1327 2081 1413 2121 und
1433 2081 1505 2121 der
1522 2081 1711 2122 Polemik

335 2166 467 2206 gegen
500 2153 565 2194 die
597 2152 751 2194 falsche
783 2152 965 2204 Bildung
995 2153 1109 2195 nicht
1140 2154 1392 2194 verkennen.
1459 2155 1520 2196 De
1552 2155 1711 2196 Tabula

335 2228 475 2268 valent
514 2238 619 2279 quae
651 2226 856 2275 Martha⁴)
895 2226 994 2268 dicit
1031 2227 1080 2268 de
1112 2231 1200 2268 toto
1231 2227 1344 2268 illius
1376 2229 1526 2270 aetatis
1559 2240 1710 2280 genere

335 2300 673 2352 philosophandi:
707 2300 767 2341 La
787 2300 1047 2353 philosophie
1075 2301 1211 2353 aspire
1233 2301 1257 2341 a
1279 2301 1448 2343 devenir
1477 2303 1708 2354 populaire‚

455 2401 479 2443 ¹)
506 2400 615 2435 Recte
640 2400 839 2435 Drosihnus
871 2411 905 2444 p.
930 2403 951 2434 4
985 2406 1119 2444 monet,
1155 2401 1183 2434 si
1218 2401 1388 2436 Socratici
1413 2402 1550 2436 Cebetis
1576 2402 1712 2436 Tabula

334 2462 424 2491 esset
462 2457 716 2501 existimanda,
755 2459 881 2492 mirum
918 2468 1064 2502 prorsus
1100 2458 1258 2492 futurum
1296 2468 1390 2502 esse,
1428 2460 1521 2503 quod
1557 2459 1712 2494 Socratis

334 2525 505 2558 nusquam
531 2514 571 2548 fit
597 2515 738 2550 mentio.

449 2572 478 2613 ²)
504 2570 548 2605 cf.
574 2571 703 2606 Zelleri
729 2572 812 2607 hist.
835 2573 923 2616 phil.
950 2573 1002 2606 III
1028 2574 1059 2616 1,
1084 2575 1160 2616 503,
1188 2574 1253 2606 513
1279 2584 1356 2607 cum
1382 2578 1451 2608 not.
1477 2575 1508 2608 4.

453 2628 480 2671 ³)
507 2628 553 2663 cf.
578 2629 659 2662 ibid.
686 2630 721 2663 ΙΙ
747 2632 763 2663 1
790 2640 824 2672 p.
851 2631 916 2663 206
942 2641 975 2665 n.
1000 2632 1032 2665 2.

452 2683 480 2727 ⁴)
506 2686 575 2718 Les
599 2685 801 2720 moralistes
826 2697 908 2721 sous
933 2686 1093 2730 l'empire
1117 2687 1251 2721 romain
1277 2698 1311 2730 p.
1336 2688 1412 2721 237.
