1888 3170
825 171 1106 210 „90-

284 287 392 334 rant,
416 286 505 323 tum
521 282 705 323 Fortuna
725 285 849 324 antea
870 282 1173 324 inconstantiae
1196 286 1236 324 et
1254 283 1497 325 mobilitatis
1519 285 1649 336 signis

284 369 364 397 non
397 360 488 397 erat
518 356 734 396 instructa.
795 355 953 397 Deinde
984 368 1120 397 rerum
1152 356 1334 398 humana
1365 359 1501 409 specie
1531 358 1650 399 indu-

282 436 417 472 tarum
449 429 670 471 multitudo
704 429 753 469 de
784 442 832 470 ea
862 430 1059 482 pingendi
1091 435 1181 472 arte
1212 430 1420 483 admonet,
1453 443 1575 483 quam
1606 433 1650 473 in

281 504 391 545 vasis
422 505 670 544 recentiores
691 502 980 545 adhibuerunt.
1032 504 1219 555 Denique
1242 503 1349 556 quod
1375 505 1533 546 auctori
1553 517 1649 557 pro-

281 578 462 630 positum
505 580 595 618 erat
627 577 677 618 de
707 577 967 629 philosophia
1011 582 1052 619 et
1092 578 1141 620 de
1179 578 1363 619 moribus
1399 579 1649 632 praecipere,

282 664 365 693 non
407 651 495 703 ipso
528 650 700 692 artificio
733 651 957 703 delectare,
997 652 1039 693 id
1081 652 1217 704 ipsum
1260 664 1422 704 quoque
1452 652 1651 695 indicium

283 729 345 767 est
376 725 463 766 eius
494 726 663 777 aetatis,
702 737 781 777 qua
813 737 878 767 ars
910 725 1164 768 Graecorum
1195 739 1218 767 a
1248 727 1529 778 praestantiae
1565 728 1650 769 cul-

282 801 393 842 mine
424 804 616 851 eoeperat
647 799 795 841 delabi.

568 923 608 970 2.
645 923 712 969 De
744 923 1061 985 scriptorum
1093 924 1364 985 allegoriis

397 1020 527 1070 Quam
559 1018 678 1060 facile
710 1020 817 1071 apud
840 1019 1020 1062 Graecos
1043 1026 1203 1062 veteres
1236 1032 1303 1061 res
1324 1024 1498 1061 naturae
1519 1020 1650 1062 homi-

283 1106 461 1145 numque
482 1094 665 1136 actiones
696 1098 736 1136 et
757 1095 868 1136 vitae
900 1096 1159 1137 condiciones
1192 1102 1232 1136 et
1264 1095 1386 1136 animi
1409 1094 1650 1137 affectiones

282 1180 478 1220 personas
519 1169 750 1220 induerint,
797 1181 917 1210 nemo
963 1170 1225 1221 antiquitatis
1266 1169 1448 1211 Graecae
1489 1170 1651 1222 peritus

283 1243 462 1295 ignorat,
535 1242 646 1284 Satis
690 1247 752 1284 est
794 1243 918 1284 verbo
962 1256 1130 1285 monere
1172 1244 1221 1285 de
1262 1244 1441 1285 Homero
1485 1245 1550 1295 (Il.
1592 1244 1652 1285 IX

285 1320 529 1368 502—511,
573 1317 674 1358 XIX
707 1318 942 1369 91—136),
985 1317 1168 1359 Hesiodo
1207 1317 1362 1370 (theog.
1396 1320 1497 1370 224,
1536 1318 1650 1370 231),

283 1392 454 1443 tragicis
485 1392 618 1444 po'etis
651 1391 815 1444 (Aesch.
841 1391 952 1444 Sept.
980 1396 1076 1444 409,
1101 1392 1289 1444 Sophocl.
1314 1391 1418 1434 Phil.
1444 1396 1539 1444 776,
1555 1395 1649 1444 837,

283 1466 432 1507 Electr.
460 1466 546 1518 75),
570 1466 619 1507 de
636 1479 809 1519 quorum
830 1467 1142 1520 prosopopoeiis
1163 1467 1414 1508 mentionem
1431 1466 1531 1508 facit
1546 1467 1649 1510 Poll.

284 1553 416 1582 onom.
464 1541 521 1582 IV
567 1545 642 1582 141
685 1554 765 1594 sq.,
808 1541 1100 1594 Aristophane,
1147 1542 1216 1594 qui
1256 1542 1298 1582 in
1339 1541 1498 1592 fabula,
1547 1553 1653 1593 quae

284 1616 484 1663 Πλοῦτος
516 1615 769 1667 inscribitur,
793 1615 970 1657 Divitias
983 1615 1013 1666 1)
1044 1627 1265 1668 personam
1297 1617 1339 1658 in
1371 1627 1533 1658 scenam
1555 1628 1650 1668 pro-

285 1689 414 1731 duxit.
467 1690 502 1731 E
535 1690 789 1744 philosophis
821 1694 985 1732 constat
1006 1690 1286 1744 Pythagoram
1319 1690 1442 1731 rebus
1463 1690 1653 1732 humanis

284 1764 547 1816 allegoricam
592 1765 889 1817 expositionem
934 1766 1102 1806 solitum
1144 1777 1234 1807 esse
1277 1765 1493 1817 adhibere,
1537 1765 1652 1806 cuius

282 1839 466 1880 litteram
503 1840 616 1880 illam
656 1840 688 1880 Y
720 1852 846 1891 supra
882 1840 1304 1882 commemoravimus.
1365 1840 1427 1881 De
1465 1839 1650 1881 eiusdem

283 1913 441 1954 familia
484 1914 584 1955 haec
623 1915 800 1966 legimus
845 1915 886 1956 in
930 1914 1056 1956 schol.
1099 1915 1150 1955 ad
1190 1915 1294 1956 Plat.
1339 1914 1492 1956 Phaed.
1527 1915 1648 1956 61d.:

284 1979 412 2037 οὗτος
444 1984 465 2030 ὁ
502 1986 717 2038 Φιλόλαος
739 1986 1050 2044 Πυθαγόρειος
1078 1981 1131 2044 ἧν
1154 2022 1161 2030 .
1186 2022 1193 2031 .
1214 2022 1222 2030 .
1252 1985 1298 2038 ὃς
1328 1988 1398 2030 καὶ
1423 1983 1476 2029 δι’
1511 1991 1650 2043 αἰνιγ-

284 2060 431 2116 μάτων
464 2063 678 2115 ἐδίδασκε,
710 2061 909 2117 καθάπερ
933 2056 986 2118 ἧν
1015 2060 1120 2112 ἐ’θος
1150 2058 1299 2112 αὐτοῖς
1330 2068 1370 2105 et
1402 2064 1511 2116 apud
1536 2063 1649 2105 Stob.

286 2140 410 2189 5,72:
449 2133 581 2179 οὐδέν
622 2138 739 2179 ἐστιν
778 2134 891 2180 οὕτω
929 2140 1003 2192 τῆς
1034 2139 1351 2191 Πυθαγορικῆς
1387 2140 1653 2192 φιλοσοφίας

286 2212 422 2263 ἴδιον,
463 2206 521 2261 ὠς
557 2208 604 2253 τὸ
639 2209 920 2266 συμβολικόν.
990 2212 1149 2254 Deinde
1186 2212 1444 2254 Parmenidis
1487 2225 1652 2254 carmen

285 2285 425 2338 affero,
458 2287 572 2327 cuius
604 2287 770 2327 initium
792 2287 931 2338 aliqua
963 2286 1233 2328 similitudine
1266 2298 1356 2327 cum
1379 2286 1562 2328 Tabulae
1593 2287 1651 2329 eis

284 2359 385 2401 locis
418 2360 701 2414 coniungitur,
743 2362 892 2414 quibus
925 2361 974 2402 de
1005 2362 1177 2403 scientia
1214 2366 1254 2402 et
1287 2362 1479 2413 opinione
1509 2367 1652 2403 auctor

287 2446 403 2475 suam
434 2435 592 2488 profert
629 2437 889 2478 sententiam.
952 2436 1015 2478 Ne
1044 2437 1163 2477 Plato
1196 2437 1359 2488 quidem
1391 2436 1557 2478 silentio
1589 2440 1653 2477 est

400 2548 428 2590 1)
453 2549 604 2584 Divitias
629 2559 781 2594 persona
816 2549 978 2585 induerat
1004 2561 1047 2585 ex
1084 2549 1145 2594 iis,
1179 2550 1239 2593 qui
1272 2554 1352 2583 ante
1377 2549 1651 2593 Aristophanem

285 2603 444 2648 fuerunt,
481 2606 662 2650 Theognis
687 2617 716 2639 v.
749 2608 814 2641 523
828 2617 878 2652 sq.
926 2607 1022 2642 Idem
1040 2617 1135 2651 spem
1154 2607 1268 2642 divina
1292 2607 1406 2651 specie
1433 2612 1535 2641 ornat
1559 2606 1651 2650 apud

287 2660 382 2696 Stob.
411 2664 487 2707 110,
515 2665 555 2698 11
583 2668 617 2698 et
644 2665 697 2698 12.
