1888 3170
698 197 862 235 -85

153 309 261 350 diam
282 319 381 360 prae
402 319 446 350 se
467 307 549 349 fert
577 309 619 349 et
648 306 851 347 insaniam
873 307 1044 348 sinistra
1065 317 1189 348 manu
1211 305 1340 347 facem
1361 308 1522 357 tenens,

153 383 298 424 dextra
338 383 521 424 crinibus
564 381 735 423 trahens
776 380 1099 432 adulescentem3
1140 376 1371 422 Μετάνοια
1407 381 1523 421 veste

151 460 243 499 atra
272 457 418 498 induta
450 460 512 497 est
543 459 585 498 et
616 455 840 497 dilacerata
871 455 940 507 (cf.
972 455 1072 497 Tab.
1099 459 1190 507 10,1
1226 450 1336 506 ῥάκη
1367 448 1522 507 ἠμφιε-

152 529 338 584 σμέναι).
384 530 499 572 Idem
523 530 689 582 Apelles
713 529 942 571 Fortunam
959 529 1168 571 sedentem
1186 528 1277 569 ideo
1295 539 1339 569 se
1354 526 1522 568 finxisse

151 606 274 658 dixit,
316 606 423 658 quod
462 604 686 646 consistere
726 616 808 645 non
849 604 1049 657 posset1).
1111 603 1229 654 Quod
1269 602 1347 643 etsi
1379 601 1522 643 dubito

150 691 202 721 an
235 680 304 721 ille
335 680 494 722 iocatus
526 680 600 731 sit,
642 682 779 720 tamen
820 683 1041 731 propterea
1080 690 1162 719 non
1201 677 1367 719 silentio
1404 687 1522 729 prae-

151 754 395 795 tereundum
415 753 660 805 existimavi,
679 754 789 805 quod
806 754 901 794 inde
918 753 1217 806 cognoscimus,
1238 755 1324 793 tum
1342 748 1521 791 artifices

149 828 333 880 coepisse
373 828 422 869 de
463 828 743 870 inconstantia
782 829 991 869 Fortunae
1032 827 1231 879 cogitare3
1274 837 1354 877 qua
1393 836 1438 865 re
1473 835 1522 865 ea

148 900 461 953 confirmantur,
501 913 605 954 quae
643 900 893 943 Schmidtius
935 900 1095 954 (Ethik.
1130 901 1167 941 d.
1200 900 1270 941 alt.
1304 898 1467 940 Griech.
1501 898 1521 939 I

151 979 201 1017 53
225 975 305 1028 sq.)
338 976 528 1028 exposuit
559 975 608 1018 de
639 977 808 1018 notione
831 976 1043 1017 Fortunae
1074 974 1183 1027 apud
1215 974 1394 1015 Graecos
1425 972 1520 1014 Ale-

149 1050 295 1092 xandri
338 1050 594 1102 temporibus
634 1050 863 1091 immutata.
934 1050 1067 1101 Quam
1113 1049 1221 1090 enim
1268 1046 1519 1090 Schmidtius

149 1124 248 1165 dicit
302 1123 392 1177 „die
439 1123 586 1165 Go'ttin
636 1125 706 1165 des
753 1123 1001 1175 Gelingens,
1052 1123 1412 1175 gewissermassen
1453 1120 1522 1161 die

147 1199 498 1251 Reprascntantin
537 1198 608 1240 des
641 1199 796 1251 Segens
840 1211 917 1239 von
956 1197 1102 1249 oben“,
1141 1209 1230 1239 eam
1262 1197 1390 1237 solam
1423 1196 1520 1236 ante

147 1273 372 1315 Alexandri
405 1279 583 1316 aetatem
616 1286 639 1315 a
670 1274 887 1316 statuariis
919 1277 960 1315 et
982 1286 1006 1315 a
1028 1273 1258 1325 pictoribus
1288 1269 1520 1312 invenimus

147 1359 398 1400 expressam.
450 1350 511 1390 Ea
541 1353 631 1391 erat
667 1346 783 1402 Τύχη
816 1349 902 1400 illa,
937 1360 1043 1400 quae
1064 1348 1224 1399 Bupalo
1256 1343 1518 1394 adscribitur,

146 1423 280 1475 capite
318 1423 456 1465 ferens
492 1424 631 1475 polum
671 1435 880 1475 manuque
915 1426 1062 1464 tenens
1101 1434 1228 1463 cornu
1259 1418 1518 1469 Amaltheae,

145 1509 268 1550 quam
291 1497 520 1540 artificibus
541 1498 739 1539 Romanis
771 1498 813 1539 in
835 1497 1029 1549 fingenda
1050 1497 1235 1539 Fortuna
1256 1495 1518 1538 obversatam

146 1584 236 1614 esse
277 1573 488 1616 Brunnius
531 1573 744 1615 existimat
790 1574 829 1625 (I
866 1585 902 1625 p.
938 1577 991 1615 40
1029 1572 1127 1624 sq.);
1185 1583 1233 1612 ea
1273 1573 1364 1611 erat
1402 1569 1518 1610 Bona

146 1648 331 1689 Fortuna
367 1648 587 1689 Praxitelis
619 1646 742 1699 (Plin.
779 1646 940 1699 36,23),
981 1658 1029 1688 ea
1058 1644 1348 1698 Xenophontis
1380 1642 1517 1696 Tyche

146 1722 314 1764 Plutum
346 1722 550 1764 bracchiis
582 1722 739 1774 ferens,
773 1734 847 1764 eae
879 1725 998 1763 erant
1030 1721 1238 1762 Fortunae
1268 1720 1381 1770 illae,
1414 1729 1518 1771 quae

144 1798 262 1850 quasi
283 1797 456 1839 urbibus
479 1798 763 1850 praesidentes
779 1797 921 1839 multis
938 1797 1036 1838 locis
1054 1796 1296 1838 colebantur
1307 1794 1351 1843 2).
1386 1793 1517 1843 Quam

144 1884 241 1914 vero
263 1873 489 1914 consistere
510 1885 592 1914 non
613 1884 735 1924 posse
754 1872 920 1925 Apelles
941 1871 1046 1913 dixit
1067 1871 1293 1912 Fortunam
1315 1879 1518 1920 quamque

144 1947 187 1988 in
210 1945 376 1988 Cebetis
398 1946 558 1988 Tabula
588 1947 817 1999 reperimus
845 1946 1050 1988 furentem
1074 1948 1115 1986 et
1135 1947 1291 1985 temere
1313 1943 1420 1984 dona
1442 1954 1517 1984 sua

144 2021 395 2063 tribuentem
436 2022 591 2074 iisque,
629 2022 779 2074 quibus
812 2021 943 2073 dedit,
984 2031 1129 2061 rursus
1162 2018 1425 2070 eripientem,
1467 2029 1516 2058 ea

148 2095 316 2138 deorum
340 2096 526 2138 iustitiae
548 2099 610 2138 est
631 2097 700 2137 illa
718 2096 834 2149 quasi
852 2095 1103 2147 adversaria,
1127 2105 1247 2147 quam
1264 2092 1515 2135 Schmidtius

145 2170 181 2222 (Ι
207 2183 245 2222 p.
271 2168 345 2223 56)
378 2171 473 2212 inde
504 2173 556 2214 ab
586 2171 811 2214 Alexandri
842 2171 1098 2224 temporibus
1129 2170 1171 2211 in
1202 2181 1272 2211 ore
1303 2168 1515 2210 hominum

144 2243 271 2286 fuisse
303 2246 484 2288 ostendit
497 2247 542 2300 ³).
586 2246 816 2298 Utriusque
836 2246 1044 2288 Fortunae
1076 2246 1196 2298 signa
1223 2245 1515 2287 commemorat

259 2415 286 2460 1)
311 2416 409 2451 Stob.
435 2417 512 2452 flor.
540 2419 616 2462 106,
627 2419 681 2454 eo,

262 2471 287 2516 ²)
314 2473 352 2507 de
376 2474 431 2508 his
455 2474 497 2509 cf.
524 2474 654 2510 Muller
679 2474 879 2509 Ilandbuch
905 2474 937 2508 d.
965 2473 1126 2508 Areliaol.
1154 2473 1185 2507 d.
1210 2471 1325 2506 Kunst
1348 2481 1381 2514 p.
1410 2471 1485 2506 165.

258 2531 285 2574 ⁸)
311 2531 603 2575 Antiquissimum
628 2532 733 2566 huius
759 2531 912 2566 notionis
940 2531 1119 2566 Fortunae
1143 2530 1328 2573 vestigium
1353 2533 1407 2563 est
1432 2529 1515 2564 Dio-

143 2587 240 2630 genis
275 2587 368 2631 quod
401 2588 512 2622 fertur
547 2588 678 2624 dietum
704 2588 800 2623 Stob.
832 2588 895 2623 ecl.
922 2588 957 2621 ΙΙ
989 2589 1071 2622 348:
1106 2585 1292 2630 Διογένης
1320 2584 1394 2631 ἔφη
1421 2581 1514 2630 ὁρᾶν

142 2640 210 2687 τὴν
250 2639 376 2688 Τύχην
410 2640 598 2688 ἐνορῶσαν
625 2640 724 2691 αὐτῷ
751 2645 814 2679 καὶ
848 2643 1203 2689 λέγουσαν·τοῦτον
1235 2638 1316 2678 δὀὔ
1349 2640 1514 2688 δύναμαι

144 2698 293 2746 βαλέειν
318 2697 414 2735 κύνα
440 2703 660 2747 λυσσητῆρα,
686 2703 746 2737 ubi
769 2699 870 2747 Τύχη
896 2713 964 2737 non
990 2707 1043 2737 est
1060 2702 1220 2747 prosperi
1236 2711 1413 2738 successus
1437 2701 1513 2746 dea,
