1888 3170
866 161 1118 199 -8-

306 273 481 324 triginta
523 272 642 313 annis
681 275 839 313 natum.
899 271 1086 323 Amplius
1130 284 1181 313 ex
1221 273 1436 326 hocloco,
1477 276 1511 316 si
1558 275 1677 316 modo

307 346 443 387 sobrie
475 358 521 388 eo
552 345 707 387 utimur
728 345 978 396 testimonio,
1011 345 1154 386 dubito
1176 358 1275 386 num
1295 347 1517 400 quidquam
1548 349 1679 400 possit

307 419 456 471 colligi.
510 421 658 471 Itaque
679 431 761 460 non
791 423 886 472 post
909 431 1062 460 annum
1094 422 1177 460 440
1201 418 1396 461 Cebetem
1421 426 1567 463 natum
1588 434 1678 464 esse

307 494 405 534 licet
437 494 704 544 contendere3
749 493 946 535 Drosihni
987 497 1128 534 autem
1160 493 1212 534 ad
1243 505 1397 534 annum
1429 498 1510 536 450
1542 507 1678 547 regre-

307 567 460 609 dientis
502 567 863 609 ratiocinationem
904 568 1026 609 nimis
1058 567 1253 609 audacem
1286 571 1327 609 et
1357 569 1476 620 quasi
1515 568 1679 611 infirmo

304 641 576 683 fundamento
607 641 747 682 nixam
778 653 861 683 non
892 641 1174 694 probabimus.

420 715 536 756 Haec
579 719 678 757 sunt
719 727 828 766 quae
860 716 910 756 de
946 716 1110 757 ratione
1141 717 1251 757 inter
1281 716 1494 759 Socratem
1533 722 1574 759 et
1606 717 1681 759 Ce-

305 789 443 830 betem
484 788 769 830 intercedente
810 789 949 830 idonei
990 793 1118 831 testes
1164 790 1447 842 prodiderunt.
1522 790 1680 841 Quibus

306 864 519 914 adicimus,
553 863 661 916 quod
684 875 733 904 ex
755 863 1056 905 recentioribus
1089 863 1246 906 Gellius
1269 865 1310 906 II
1337 868 1406 915 18,
1440 865 1680 907 Macrobius

306 937 390 979 Sat.
413 938 433 978 I
466 941 528 988 11,
551 941 619 988 41,
641 937 888 978 Lactantius
910 937 960 978 de
983 937 1088 979 falsa
1110 949 1196 990 sap.
1217 938 1278 979 III
1302 941 1367 989 25,
1394 940 1483 989 151)
1506 943 1681 981 narrant

306 1012 420 1053 nulla
461 1011 744 1063 antiquiorum
777 1012 1027 1063 scriptorum
1065 1013 1317 1053 auctoritate
1354 1013 1679 1065 comprobatum,

304 1086 581 1137 Phaedonem,
614 1098 707 1127 cum
739 1097 882 1127 servus
904 1090 1038 1135 esset,
1071 1086 1267 1127 hortante
1289 1086 1458 1128 Socrate
1480 1100 1505 1128 a
1529 1087 1681 1129 Cebete

307 1161 568 1212 redemptum
618 1159 986 1212 philosophiaeque
1036 1160 1266 1211 disciplinis
1317 1161 1521 1202 imbutum
1573 1174 1677 1204 esse.

305 1234 424 1284 Quod
454 1234 519 1275 vel
561 1235 595 1275 si
626 1233 704 1275 fide
736 1233 907 1285 dignum
939 1245 1028 1275 esse
1060 1235 1399 1287 concederemus,
1440 1239 1598 1287 tamen,
1639 1237 1681 1277 in

308 1310 474 1352 Cebetis
508 1312 648 1351 aetate
680 1308 917 1360 indaganda
948 1308 1052 1350 nihil
1084 1309 1340 1360 iuvaremur,
1374 1322 1482 1361 cum,
1515 1311 1681 1363 quando

305 1383 471 1425 Phaedo
502 1387 649 1435 captus
681 1383 753 1434 sit,
793 1383 982 1424 conicere
1020 1381 1204 1435 liceat2),
1247 1396 1380 1436 neque
1412 1388 1567 1438 tamen,
1601 1397 1683 1438 qua

305 1462 443 1500 aetate
472 1458 598 1499 fuerit
625 1470 718 1499 cum
750 1458 791 1498 in
824 1458 1069 1499 servitutem
1091 1458 1249 1509 incidit,
1273 1463 1345 1500 aut
1368 1462 1526 1511 quanto
1550 1459 1681 1501 Cebes

306 1537 444 1574 aetate
469 1544 565 1573 eum
596 1532 884 1583 antecesserit,
917 1531 1001 1573 ullo
1032 1535 1155 1583 pacto
1186 1533 1318 1584 possit
1350 1532 1614 1585 explora1·i³).

428 1607 536 1659 Quid
559 1606 689 1649 Cebes
712 1607 857 1648 fecerit
879 1606 1050 1649 Socrate
1071 1611 1248 1658 mortuo,
1282 1607 1351 1648 ubi
1373 1607 1511 1659 fuerit,
1539 1620 1683 1659 quam-

306 1684 376 1724 diu
407 1683 576 1731 vixerit,
617 1681 776 1723 frustra
806 1694 856 1723 ex
887 1682 1071 1733 antiquis
1108 1682 1379 1734 scriptoribus
1412 1683 1680 1734 quaesiveris.

307 1757 485 1798 Etiamsi
516 1756 700 1798 Socratis
743 1759 786 1797 et
822 1755 1125 1797 Socraticorum
1158 1756 1370 1808 epistulis,
1411 1769 1587 1809 quarum
1630 1757 1683 1799 ad

309 1831 549 1872 historicam
571 1830 904 1882 disquisitionem
931 1842 1030 1871 usus
1061 1829 1198 1871 nullus
1231 1833 1308 1880 est,
1340 1829 1461 1872 fidem
1485 1831 1682 1883 adiunge-

308 1918 466 1958 remUS,
510 1910 650 1947 tamen
695 1906 737 1946 in
776 1905 856 1946 hac
886 1917 930 1945 re
968 1905 1020 1946 ab
1052 1904 1103 1946 iis
1135 1916 1298 1957 quoque
1331 1905 1681 1957 desereremur4);

427 2071 461 2115 1)
487 2072 518 2105 A
544 2070 670 2114 quibus
704 2070 755 2104 ita
792 2070 950 2105 dissentit
983 2069 1088 2112 Diog.
1123 2069 1241 2103 Laert.
1266 2069 1302 2103 II
1329 2071 1412 2112 105,
1447 2075 1485 2103 ut
1519 2069 1683 2114 ambigat,

309 2132 428 2162 utrum
454 2127 498 2162 ab
524 2127 706 2162 Alcibiade
737 2137 781 2161 an
807 2137 827 2161 a
853 2127 995 2161 Critone
1020 2125 1162 2160 Phaedo
1196 2127 1231 2160 in
1262 2126 1461 2160 libertatem
1499 2126 1543 2161 sit
1576 2127 1682 2161 vindi-

307 2189 419 2219 catus.
468 2184 618 2228 Hesych.
645 2183 688 2218 de
712 2184 775 2219 vir.
801 2183 852 2218 ill.
877 2193 904 2218 s.
929 2195 959 2217 v.
988 2184 1137 2216 Φαίδων
1162 2188 1411 2218 commemorat
1435 2183 1665 2219 Alcibiadem.

422 2241 456 2283 ²)
483 2241 618 2276 Preller
642 2241 733 2275 Mus.
760 2240 920 2276 Rhenan.
947 2241 997 2275 IV
1021 2251 1056 2284 p.
1082 2241 1148 2274 393
1172 2251 1222 2284 sq.

424 2298 456 2343 ²³)
482 2298 660 2334 Prellerus
694 2297 716 2331 1.
743 2298 764 2332 l.
789 2309 823 2342 p.
850 2299 917 2332 396
951 2297 1070 2332 statuit
1106 2297 1260 2331 noudum
1297 2298 1338 2332 18
1372 2307 1542 2332 annorum
1575 2297 1683 2332 fuisse

308 2356 545 2400 Phaedonem,
571 2366 639 2400 quo
664 2360 822 2400 tempore
842 2355 1003 2390 Socrates
1031 2358 1189 2389 mortuus
1217 2359 1279 2389 est.
1331 2355 1389 2398 At,
1414 2359 1453 2388 ut
1478 2365 1547 2388 non
1572 2354 1683 2388 dicam

312 2424 379 2449 non
406 2414 492 2448 satis
517 2419 647 2449 certam
666 2413 815 2447 Prelleri
840 2413 1013 2448 rationem
1039 2422 1113 2447 esse
1139 2412 1201 2456 (cf.
1227 2412 1344 2446 Zeller
1369 2411 1423 2446 die
1449 2412 1680 2456 Philosophie

310 2471 340 2505 d.
367 2471 427 2506 Gr.
454 2471 490 2504 Π
519 2474 533 2504 1
561 2482 595 2514 p.
621 2470 723 2514 236),
756 2474 878 2505 nostra
907 2470 1054 2504 interest
1078 2469 1166 2503 scire
1198 2479 1267 2503 non
1298 2478 1373 2503 eum
1399 2479 1546 2513 annum,
1580 2479 1682 2513 quem

314 2528 470 2562 nondum
494 2527 554 2561 ille
578 2528 760 2571 attigerat,
786 2526 846 2561 sed
872 2537 950 2562 eum
975 2536 1077 2570 quem
1102 2529 1297 2569 peregerat.

425 2584 460 2628 4)
487 2584 530 2621 cf.
558 2584 690 2619 Socrat.
716 2590 751 2617 et
768 2583 1029 2618 Socraticorum
1047 2592 1099 2626 ep.
1125 2584 1165 2616 14
1183 2588 1217 2616 et
1235 2584 1279 2617 22
1305 2586 1356 2626 et,
1382 2583 1410 2617 si
1435 2582 1536 2617 modo
1563 2582 1683 2617 Cebeti

310 2643 400 2677 hanc
425 2642 572 2677 attribui
599 2640 709 2677 voluit
734 2645 867 2685 auctor,
893 2642 948 2675 20.
