<?xml version="1.0" encoding="UTF-8"?>
<!DOCTYPE html PUBLIC "-//W3C//DTD XHTML 1.0 Transitional//EN"
    "http://www.w3.org/TR/xhtml1/DTD/xhtml1-transitional.dtd">
<html xmlns="http://www.w3.org/1999/xhtml" xml:lang="en" lang="en">
 <head>
  <title>
</title>
<meta http-equiv="Content-Type" content="text/html;charset=utf-8" />
  <meta name='ocr-system' content='tesseract 3.04.00' />
  <meta name='ocr-capabilities' content='ocr_page ocr_carea ocr_par ocr_line ocrx_word'/>
</head>
<body>
  <div class='ocr_page' id='page_1' title='image "./cebetistabulaqua00praeuoft_0057.png"; bbox 0 0 1888 3170; ppageno 0'>
   <div class='ocr_carea' id='block_1_1' title="bbox 681 237 962 275">
    <p class='ocr_par' dir='ltr' id='par_1_1' title="bbox 681 237 962 275">
     <span class='ocr_line' id='line_1_1' title="bbox 681 237 962 275; baseline 0.004 -13"><span class='ocrx_word' id='word_1_1' title='bbox 681 237 962 275; x_wconf 75' lang='grc'>..49-</span> 
     </span>
    </p>
   </div>
   <div class='ocr_carea' id='block_1_2' title="bbox 95 343 1520 2334">
    <p class='ocr_par' dir='ltr' id='par_1_2' title="bbox 95 343 1520 2173">
     <span class='ocr_line' id='line_1_2' title="bbox 138 343 1508 403; baseline 0 -15"><span class='ocrx_word' id='word_1_2' title='bbox 138 346 302 399; x_wconf 78' lang='lat' dir='ltr'>fugere:</span> <span class='ocrx_word' id='word_1_3' title='bbox 340 344 449 401; x_wconf 85' lang='grc' dir='ltr'><em>πρὸς</em></span> <span class='ocrx_word' id='word_1_4' title='bbox 479 343 554 398; x_wconf 77' lang='grc' dir='ltr'>τὰς</span> <span class='ocrx_word' id='word_1_5' title='bbox 578 381 586 390; x_wconf 90' lang='grc'><strong>.</strong></span> <span class='ocrx_word' id='word_1_6' title='bbox 608 381 615 388; x_wconf 97' lang='grc'><em>.</em></span> <span class='ocrx_word' id='word_1_7' title='bbox 635 381 644 390; x_wconf 94' lang='grc'><strong>.</strong></span> <span class='ocrx_word' id='word_1_8' title='bbox 680 346 824 398; x_wconf 79' lang='grc' dir='ltr'><em>δόσεις</em></span> <span class='ocrx_word' id='word_1_9' title='bbox 865 346 969 403; x_wconf 85' lang='grc' dir='ltr'><em>μήτε</em></span> <span class='ocrx_word' id='word_1_10' title='bbox 1000 351 1186 403; x_wconf 79' lang='grc' dir='ltr'><em>χαίρειν,</em></span> <span class='ocrx_word' id='word_1_11' title='bbox 1226 359 1333 400; x_wconf 84' lang='lat' dir='ltr'>quae</span> <span class='ocrx_word' id='word_1_12' title='bbox 1363 358 1508 399; x_wconf 86' lang='lat' dir='ltr'>quam-</span> 
     </span>
     <span class='ocr_line' id='line_1_3' title="bbox 140 423 1509 475; baseline 0 -13"><span class='ocrx_word' id='word_1_13' title='bbox 140 433 266 474; x_wconf 86' lang='lat' dir='ltr'>quam</span> <span class='ocrx_word' id='word_1_14' title='bbox 298 423 495 474; x_wconf 78' lang='lat' dir='ltr'>explicari</span> <span class='ocrx_word' id='word_1_15' title='bbox 526 426 691 475; x_wconf 83' lang='lat' dir='ltr'>potest,</span> <span class='ocrx_word' id='word_1_16' title='bbox 735 428 875 464; x_wconf 82' lang='lat' dir='ltr'>tamen</span> <span class='ocrx_word' id='word_1_17' title='bbox 919 424 970 465; x_wconf 85' lang='lat' dir='ltr'>ab</span> <span class='ocrx_word' id='word_1_18' title='bbox 1011 423 1236 464; x_wconf 86' lang='lat' dir='ltr'>offensione</span> <span class='ocrx_word' id='word_1_19' title='bbox 1267 423 1398 463; x_wconf 86' lang='lat' dir='ltr'>libera</span> <span class='ocrx_word' id='word_1_20' title='bbox 1428 434 1509 464; x_wconf 89' lang='lat' dir='ltr'>non</span> 
     </span>
     <span class='ocr_line' id='line_1_4' title="bbox 137 495 1508 550; baseline 0 -14"><span class='ocrx_word' id='word_1_21' title='bbox 137 500 215 537; x_wconf 89' lang='lat' dir='ltr'>est.</span> <span class='ocrx_word' id='word_1_22' title='bbox 275 496 443 537; x_wconf 83' lang='lat' dir='ltr'>Accedit</span> <span class='ocrx_word' id='word_1_23' title='bbox 474 497 582 548; x_wconf 89' lang='lat' dir='ltr'>quod</span> <span class='ocrx_word' id='word_1_24' title='bbox 614 496 714 537; x_wconf 84' lang='lat' dir='ltr'>illud</span> <span class='ocrx_word' id='word_1_25' title='bbox 749 500 872 545; x_wconf 71' lang='grc' dir='ltr'><em>ἴσους</em></span> <span class='ocrx_word' id='word_1_26' title='bbox 892 499 1138 550; x_wconf 75' lang='grc' dir='ltr'><em>γίγνεσθαι,</em></span> <span class='ocrx_word' id='word_1_27' title='bbox 1172 497 1288 538; x_wconf 87' lang='lat' dir='ltr'>cuius</span> <span class='ocrx_word' id='word_1_28' title='bbox 1311 508 1415 547; x_wconf 87' lang='lat' dir='ltr'>quae</span> <span class='ocrx_word' id='word_1_29' title='bbox 1445 495 1508 536; x_wconf 88' lang='lat' dir='ltr'>vis</span> 
     </span>
     <span class='ocr_line' id='line_1_5' title="bbox 140 569 1508 624; baseline 0 -15"><span class='ocrx_word' id='word_1_30' title='bbox 140 570 195 610; x_wconf 87' lang='lat' dir='ltr'>sit</span> <span class='ocrx_word' id='word_1_31' title='bbox 215 569 304 621; x_wconf 91' lang='lat' dir='ltr'>ipse</span> <span class='ocrx_word' id='word_1_32' title='bbox 325 570 551 612; x_wconf 84' lang='lat' dir='ltr'>Muellerus</span> <span class='ocrx_word' id='word_1_33' title='bbox 562 571 594 622; x_wconf 79' lang='lat'>1)</span> <span class='ocrx_word' id='word_1_34' title='bbox 617 571 805 612; x_wconf 80' lang='lat' dir='ltr'>concedit</span> <span class='ocrx_word' id='word_1_35' title='bbox 825 572 1065 624; x_wconf 84' lang='lat' dir='ltr'>ambiguum</span> <span class='ocrx_word' id='word_1_36' title='bbox 1087 583 1188 621; x_wconf 86' lang='lat' dir='ltr'>esse,</span> <span class='ocrx_word' id='word_1_37' title='bbox 1211 571 1321 611; x_wconf 84' lang='lat' dir='ltr'>haud</span> <span class='ocrx_word' id='word_1_38' title='bbox 1343 581 1508 622; x_wconf 88' lang='lat' dir='ltr'>possum</span> 
     </span>
     <span class='ocr_line' id='line_1_6' title="bbox 139 644 1510 697; baseline 0.001 -14"><span class='ocrx_word' id='word_1_39' title='bbox 139 656 163 684; x_wconf 89' lang='lat' dir='ltr'>a</span> <span class='ocrx_word' id='word_1_40' title='bbox 195 655 260 685; x_wconf 90' lang='lat' dir='ltr'>me</span> <span class='ocrx_word' id='word_1_41' title='bbox 291 644 516 696; x_wconf 85' lang='lat' dir='ltr'>impetrare</span> <span class='ocrx_word' id='word_1_42' title='bbox 547 650 593 686; x_wconf 89' lang='lat' dir='ltr'>ut</span> <span class='ocrx_word' id='word_1_43' title='bbox 635 646 797 686; x_wconf 84' lang='lat' dir='ltr'>credam</span> <span class='ocrx_word' id='word_1_44' title='bbox 840 647 882 686; x_wconf 88' lang='lat' dir='ltr'>in</span> <span class='ocrx_word' id='word_1_45' title='bbox 921 646 1107 697; x_wconf 80' lang='lat' dir='ltr'>margine</span> <span class='ocrx_word' id='word_1_46' title='bbox 1151 645 1387 697; x_wconf 87' lang='lat' dir='ltr'>appositum</span> <span class='ocrx_word' id='word_1_47' title='bbox 1419 655 1510 685; x_wconf 89' lang='lat' dir='ltr'>esse</span> 
     </span>
     <span class='ocr_line' id='line_1_7' title="bbox 140 713 1510 773; baseline 0.001 -15"><span class='ocrx_word' id='word_1_48' title='bbox 140 718 191 758; x_wconf 83' lang='lat' dir='ltr'>ad</span> <span class='ocrx_word' id='word_1_49' title='bbox 232 718 546 770; x_wconf 78' lang='lat' dir='ltr'>interpretanda</span> <span class='ocrx_word' id='word_1_50' title='bbox 585 719 710 760; x_wconf 77' lang='lat' dir='ltr'>verba</span> <span class='ocrx_word' id='word_1_51' title='bbox 747 716 852 772; x_wconf 81' lang='grc' dir='ltr'><em>μήτε</em></span> <span class='ocrx_word' id='word_1_52' title='bbox 889 721 1056 773; x_wconf 75' lang='grc' dir='ltr'><em>χαίρειν</em></span> <span class='ocrx_word' id='word_1_53' title='bbox 1088 743 1140 748; x_wconf 90' lang='grc'><strong>-</strong></span> <span class='ocrx_word' id='word_1_54' title='bbox 1179 717 1283 773; x_wconf 83' lang='grc' dir='ltr'><em>μήτε</em></span> <span class='ocrx_word' id='word_1_55' title='bbox 1320 713 1510 771; x_wconf 77' lang='grc' dir='ltr'><em>ἀθυμεῖν</em></span> 
     </span>
     <span class='ocr_line' id='line_1_8' title="bbox 141 789 1509 847; baseline 0.001 -15"><span class='ocrx_word' id='word_1_56' title='bbox 141 814 191 820; x_wconf 91' lang='grc'>-</span> <span class='ocrx_word' id='word_1_57' title='bbox 224 790 296 832; x_wconf 79' lang='grc' dir='ltr'>καὶ</span> <span class='ocrx_word' id='word_1_58' title='bbox 326 789 431 845; x_wconf 83' lang='grc' dir='ltr'><em>μήτε</em></span> <span class='ocrx_word' id='word_1_59' title='bbox 462 791 612 845; x_wconf 78' lang='grc' dir='ltr'><em>ψέγειν</em></span> <span class='ocrx_word' id='word_1_60' title='bbox 645 815 699 820; x_wconf 76' lang='lat'><strong>—</strong></span> <span class='ocrx_word' id='word_1_61' title='bbox 730 789 834 847; x_wconf 83' lang='grc' dir='ltr'><em>μήτε</em></span> <span class='ocrx_word' id='word_1_62' title='bbox 866 792 1079 845; x_wconf 79' lang='grc' dir='ltr'><em>ἐπαινεῖν,</em></span> <span class='ocrx_word' id='word_1_63' title='bbox 1122 806 1228 846; x_wconf 81' lang='lat' dir='ltr'>quae</span> <span class='ocrx_word' id='word_1_64' title='bbox 1260 794 1509 845; x_wconf 75' lang='lat' dir='ltr'>iuterpreta-</span> 
     </span>
     <span class='ocr_line' id='line_1_9' title="bbox 139 867 1511 919; baseline 0.001 -13"><span class='ocrx_word' id='word_1_65' title='bbox 139 867 252 907; x_wconf 81' lang='lat' dir='ltr'>tione</span> <span class='ocrx_word' id='word_1_66' title='bbox 297 867 463 907; x_wconf 89' lang='lat' dir='ltr'>minime</span> <span class='ocrx_word' id='word_1_67' title='bbox 506 867 691 918; x_wconf 84' lang='lat' dir='ltr'>indigent</span> <span class='ocrx_word' id='word_1_68' title='bbox 739 868 951 919; x_wconf 85' lang='lat' dir='ltr'>multoque</span> <span class='ocrx_word' id='word_1_69' title='bbox 991 867 1155 909; x_wconf 79' lang='lat' dir='ltr'>facilius</span> <span class='ocrx_word' id='word_1_70' title='bbox 1200 867 1511 919; x_wconf 81' lang='lat' dir='ltr'>intelleguntur,</span> 
     </span>
     <span class='ocr_line' id='line_1_10' title="bbox 139 940 1512 994; baseline 0.001 -14"><span class='ocrx_word' id='word_1_71' title='bbox 139 951 264 992; x_wconf 86' lang='lat' dir='ltr'>quam</span> <span class='ocrx_word' id='word_1_72' title='bbox 294 940 397 981; x_wconf 85' lang='lat' dir='ltr'>illud</span> <span class='ocrx_word' id='word_1_73' title='bbox 448 944 570 989; x_wconf 78' lang='grc' dir='ltr'><em>ἴσους</em></span> <span class='ocrx_word' id='word_1_74' title='bbox 600 942 846 994; x_wconf 70' lang='grc' dir='ltr'><em>γίγνεσθαι.</em></span> <span class='ocrx_word' id='word_1_75' title='bbox 900 941 946 982; x_wconf 93' lang='lat' dir='ltr'>Id</span> <span class='ocrx_word' id='word_1_76' title='bbox 979 942 1124 994; x_wconf 79' lang='lat' dir='ltr'>ipsum,</span> <span class='ocrx_word' id='word_1_77' title='bbox 1158 941 1279 994; x_wconf 85' lang='lat' dir='ltr'>quod,</span> <span class='ocrx_word' id='word_1_78' title='bbox 1311 953 1418 993; x_wconf 88' lang='lat' dir='ltr'>quae</span> <span class='ocrx_word' id='word_1_79' title='bbox 1450 941 1512 982; x_wconf 89' lang='lat' dir='ltr'>vis</span> 
     </span>
     <span class='ocr_line' id='line_1_11' title="bbox 139 1013 1512 1068; baseline 0.001 -14"><span class='ocrx_word' id='word_1_80' title='bbox 139 1013 216 1055; x_wconf 89' lang='lat' dir='ltr'>hoc</span> <span class='ocrx_word' id='word_1_81' title='bbox 246 1015 334 1056; x_wconf 91' lang='lat' dir='ltr'>loco</span> <span class='ocrx_word' id='word_1_82' title='bbox 365 1019 476 1056; x_wconf 87' lang='lat' dir='ltr'>esset</span> <span class='ocrx_word' id='word_1_83' title='bbox 505 1015 693 1057; x_wconf 85' lang='lat' dir='ltr'>vocabuli</span> <span class='ocrx_word' id='word_1_84' title='bbox 726 1019 830 1066; x_wconf 71' lang='grc' dir='ltr'><em>ἴσος,</em></span> <span class='ocrx_word' id='word_1_85' title='bbox 863 1027 945 1057; x_wconf 87' lang='lat' dir='ltr'>non</span> <span class='ocrx_word' id='word_1_86' title='bbox 970 1016 1195 1068; x_wconf 77' lang='lat' dir='ltr'>perspexit,</span> <span class='ocrx_word' id='word_1_87' title='bbox 1227 1028 1354 1057; x_wconf 84' lang='lat' dir='ltr'>causa</span> <span class='ocrx_word' id='word_1_88' title='bbox 1384 1014 1512 1057; x_wconf 84' lang='lat' dir='ltr'>fuisse</span> 
     </span>
     <span class='ocr_line' id='line_1_12' title="bbox 140 1087 1513 1141; baseline 0.002 -14"><span class='ocrx_word' id='word_1_89' title='bbox 140 1087 240 1128; x_wconf 86' lang='lat' dir='ltr'>milii</span> <span class='ocrx_word' id='word_1_90' title='bbox 274 1089 459 1141; x_wconf 86' lang='lat' dir='ltr'>videtur,</span> <span class='ocrx_word' id='word_1_91' title='bbox 493 1101 565 1131; x_wconf 89' lang='lat' dir='ltr'>cur</span> <span class='ocrx_word' id='word_1_92' title='bbox 595 1089 821 1131; x_wconf 79' lang='lat' dir='ltr'>Muellerus</span> <span class='ocrx_word' id='word_1_93' title='bbox 853 1090 913 1131; x_wconf 87' lang='lat' dir='ltr'>ita</span> <span class='ocrx_word' id='word_1_94' title='bbox 953 1090 1173 1132; x_wconf 84' lang='lat' dir='ltr'>coniceret.</span> <span class='ocrx_word' id='word_1_95' title='bbox 1238 1090 1341 1131; x_wconf 82' lang='lat' dir='ltr'>Illud</span> <span class='ocrx_word' id='word_1_96' title='bbox 1373 1094 1513 1131; x_wconf 87' lang='lat' dir='ltr'>autem</span> 
     </span>
     <span class='ocr_line' id='line_1_13' title="bbox 95 1162 1514 1219; baseline -0.002 -11"><span class='ocrx_word' id='word_1_97' title='bbox 95 1162 98 1165; x_wconf 73' lang='grc'><strong>’</strong></span> <span class='ocrx_word' id='word_1_98' title='bbox 139 1167 240 1219; x_wconf 90' lang='lat' dir='ltr'>quid</span> <span class='ocrx_word' id='word_1_99' title='bbox 270 1165 347 1207; x_wconf 91' lang='lat' dir='ltr'>sibi</span> <span class='ocrx_word' id='word_1_100' title='bbox 381 1164 492 1215; x_wconf 85' lang='lat' dir='ltr'>velit,</span> <span class='ocrx_word' id='word_1_101' title='bbox 525 1163 721 1205; x_wconf 81' lang='lat' dir='ltr'>facillime</span> <span class='ocrx_word' id='word_1_102' title='bbox 753 1164 1018 1216; x_wconf 79' lang='lat' dir='ltr'>cognoscitur</span> <span class='ocrx_word' id='word_1_103' title='bbox 1049 1176 1098 1205; x_wconf 81' lang='lat' dir='ltr'>ex</span> <span class='ocrx_word' id='word_1_104' title='bbox 1130 1164 1248 1216; x_wconf 89' lang='lat' dir='ltr'>Diog.</span> <span class='ocrx_word' id='word_1_105' title='bbox 1272 1164 1410 1205; x_wconf 87' lang='lat' dir='ltr'>Laert.</span> <span class='ocrx_word' id='word_1_106' title='bbox 1434 1164 1514 1205; x_wconf 85' lang='lat' dir='ltr'>VII</span> 
     </span>
     <span class='ocr_line' id='line_1_14' title="bbox 144 1233 1514 1292; baseline -0.002 -10"><span class='ocrx_word' id='word_1_107' title='bbox 144 1245 242 1282; x_wconf 87' lang='lat'>117:</span> <span class='ocrx_word' id='word_1_108' title='bbox 278 1243 380 1287; x_wconf 80' lang='grc' dir='ltr'><em>ἴσως</em></span> <span class='ocrx_word' id='word_1_109' title='bbox 410 1233 494 1292; x_wconf 72' lang='grc' dir='ltr'>γὰρ</span> <span class='ocrx_word' id='word_1_110' title='bbox 526 1239 639 1291; x_wconf 77' lang='grc' dir='ltr'><em>ἔχειν</em></span> <span class='ocrx_word' id='word_1_111' title='bbox 669 1234 777 1291; x_wconf 85' lang='grc' dir='ltr'><em>πρός</em></span> <span class='ocrx_word' id='word_1_112' title='bbox 807 1253 851 1278; x_wconf 86' lang='grc' dir='ltr'><em>τε</em></span> <span class='ocrx_word' id='word_1_113' title='bbox 881 1233 930 1278; x_wconf 81' lang='grc' dir='ltr'>τὸ</span> <span class='ocrx_word' id='word_1_114' title='bbox 962 1237 1147 1288; x_wconf 78' lang='grc' dir='ltr'><em>ἔνδοξον</em></span> <span class='ocrx_word' id='word_1_115' title='bbox 1168 1236 1240 1279; x_wconf 84' lang='grc' dir='ltr'>καὶ</span> <span class='ocrx_word' id='word_1_116' title='bbox 1270 1234 1319 1279; x_wconf 82' lang='grc' dir='ltr'>τὸ</span> <span class='ocrx_word' id='word_1_117' title='bbox 1351 1235 1514 1288; x_wconf 77' lang='grc' dir='ltr'><em>ἄδοξον</em></span> 
     </span>
     <span class='ocr_line' id='line_1_15' title="bbox 141 1308 1515 1366; baseline -0.002 -9"><span class='ocrx_word' id='word_1_118' title='bbox 141 1319 183 1357; x_wconf 89' lang='lat' dir='ltr'>et</span> <span class='ocrx_word' id='word_1_119' title='bbox 224 1327 275 1356; x_wconf 85' lang='lat' dir='ltr'>ex</span> <span class='ocrx_word' id='word_1_120' title='bbox 317 1313 403 1354; x_wconf 77' lang='lat' dir='ltr'>Tel,</span> <span class='ocrx_word' id='word_1_121' title='bbox 435 1313 544 1365; x_wconf 82' lang='lat' dir='ltr'>apud</span> <span class='ocrx_word' id='word_1_122' title='bbox 585 1312 697 1354; x_wconf 81' lang='lat' dir='ltr'>Stob.</span> <span class='ocrx_word' id='word_1_123' title='bbox 741 1311 829 1354; x_wconf 85' lang='lat' dir='ltr'>flor.</span> <span class='ocrx_word' id='word_1_124' title='bbox 872 1325 910 1364; x_wconf 90' lang='lat' dir='ltr'>p.</span> <span class='ocrx_word' id='word_1_125' title='bbox 954 1315 1046 1364; x_wconf 83' lang='lat'>125,</span> <span class='ocrx_word' id='word_1_126' title='bbox 1068 1316 1116 1353; x_wconf 89' lang='lat'>17</span> <span class='ocrx_word' id='word_1_127' title='bbox 1151 1313 1360 1354; x_wconf 86' lang='lat' dir='ltr'>Meincke:</span> <span class='ocrx_word' id='word_1_128' title='bbox 1406 1308 1515 1366; x_wconf 81' lang='grc' dir='ltr'><em>πρὸς</em></span> 
     </span>
     <span class='ocr_line' id='line_1_16' title="bbox 142 1382 1514 1440; baseline -0.002 -9"><span class='ocrx_word' id='word_1_129' title='bbox 142 1386 277 1439; x_wconf 76' lang='grc' dir='ltr'><em>δόξαν</em></span> <span class='ocrx_word' id='word_1_130' title='bbox 318 1386 390 1429; x_wconf 79' lang='grc' dir='ltr'>καὶ</span> <span class='ocrx_word' id='word_1_131' title='bbox 422 1382 605 1436; x_wconf 77' lang='grc' dir='ltr'><em>ἀδοξίαν</em></span> <span class='ocrx_word' id='word_1_132' title='bbox 645 1390 748 1435; x_wconf 73' lang='grc' dir='ltr'><em>ἴσως</em></span> <span class='ocrx_word' id='word_1_133' title='bbox 785 1388 939 1439; x_wconf 74' lang='grc' dir='ltr'><em>ἔχοντα</em></span> <span class='ocrx_word' id='word_1_134' title='bbox 960 1382 1107 1435; x_wconf 84' lang='grc' dir='ltr'><em>,Ἴσως</em></span> <span class='ocrx_word' id='word_1_135' title='bbox 1146 1387 1260 1440; x_wconf 76' lang='grc' dir='ltr'><em>ἔχειν</em></span> <span class='ocrx_word' id='word_1_136' title='bbox 1291 1387 1420 1439; x_wconf 80' lang='lat' dir='ltr'>igitur</span> <span class='ocrx_word' id='word_1_137' title='bbox 1449 1387 1514 1428; x_wconf 84' lang='lat' dir='ltr'>vel</span> 
     </span>
     <span class='ocr_line' id='line_1_17' title="bbox 144 1457 1516 1513; baseline -0.001 -9"><span class='ocrx_word' id='word_1_138' title='bbox 144 1468 243 1504; x_wconf 82' lang='grc' dir='ltr'><em>ἴσον</em></span> <span class='ocrx_word' id='word_1_139' title='bbox 275 1459 386 1503; x_wconf 80' lang='grc' dir='ltr'><em>εἶναι</em></span> <span class='ocrx_word' id='word_1_140' title='bbox 417 1457 526 1513; x_wconf 81' lang='grc' dir='ltr'><em>πρός</em></span> <span class='ocrx_word' id='word_1_141' title='bbox 556 1476 596 1501; x_wconf 82' lang='grc' dir='ltr'>τι</span> <span class='ocrx_word' id='word_1_142' title='bbox 629 1464 860 1502; x_wconf 78' lang='lat' dir='ltr'>statuemus</span> <span class='ocrx_word' id='word_1_143' title='bbox 903 1459 1135 1513; x_wconf 86' lang='lat' dir='ltr'>significare</span> <span class='ocrx_word' id='word_1_144' title='bbox 1178 1462 1393 1503; x_wconf 91' lang='lat' dir='ltr'>immotum</span> <span class='ocrx_word' id='word_1_145' title='bbox 1426 1473 1516 1503; x_wconf 83' lang='lat' dir='ltr'>esse</span> 
     </span>
     <span class='ocr_line' id='line_1_18' title="bbox 141 1534 1514 1590; baseline -0.001 -12"><span class='ocrx_word' id='word_1_146' title='bbox 141 1539 282 1590; x_wconf 85' lang='lat' dir='ltr'>aliqua</span> <span class='ocrx_word' id='word_1_147' title='bbox 311 1549 374 1587; x_wconf 81' lang='lat' dir='ltr'>re,</span> <span class='ocrx_word' id='word_1_148' title='bbox 415 1547 548 1587; x_wconf 89' lang='lat' dir='ltr'>neque</span> <span class='ocrx_word' id='word_1_149' title='bbox 579 1539 773 1587; x_wconf 83' lang='lat' dir='ltr'>appetere</span> <span class='ocrx_word' id='word_1_150' title='bbox 811 1535 983 1586; x_wconf 84' lang='lat' dir='ltr'>aliquid,</span> <span class='ocrx_word' id='word_1_151' title='bbox 1027 1547 1159 1586; x_wconf 85' lang='lat' dir='ltr'>neque</span> <span class='ocrx_word' id='word_1_152' title='bbox 1190 1534 1514 1588; x_wconf 76' lang='lat' dir='ltr'>ref0r1nidare2).</span> 
     </span>
     <span class='ocr_line' id='line_1_19' title="bbox 142 1609 1516 1661; baseline -0.001 -9"><span class='ocrx_word' id='word_1_153' title='bbox 142 1611 261 1661; x_wconf 84' lang='lat' dir='ltr'>Quod</span> <span class='ocrx_word' id='word_1_154' title='bbox 293 1623 384 1652; x_wconf 88' lang='lat' dir='ltr'>cum</span> <span class='ocrx_word' id='word_1_155' title='bbox 418 1610 573 1661; x_wconf 85' lang='lat' dir='ltr'>optime</span> <span class='ocrx_word' id='word_1_156' title='bbox 616 1622 705 1650; x_wconf 80' lang='lat' dir='ltr'>cuni</span> <span class='ocrx_word' id='word_1_157' title='bbox 748 1609 943 1651; x_wconf 87' lang='lat' dir='ltr'>hocloco</span> <span class='ocrx_word' id='word_1_158' title='bbox 985 1611 1222 1661; x_wconf 84' lang='lat' dir='ltr'>conveniat,</span> <span class='ocrx_word' id='word_1_159' title='bbox 1265 1610 1405 1651; x_wconf 86' lang='lat' dir='ltr'>addito</span> <span class='ocrx_word' id='word_1_160' title='bbox 1445 1610 1516 1652; x_wconf 93' lang='lat' dir='ltr'>illo</span> 
     </span>
     <span class='ocr_line' id='line_1_20' title="bbox 141 1681 1416 1738; baseline -0.002 -11"><span class='ocrx_word' id='word_1_161' title='bbox 141 1684 213 1727; x_wconf 83' lang='grc' dir='ltr'>καὶ</span> <span class='ocrx_word' id='word_1_162' title='bbox 254 1686 312 1727; x_wconf 87' lang='lat' dir='ltr'>sic</span> <span class='ocrx_word' id='word_1_163' title='bbox 352 1685 505 1727; x_wconf 79' lang='lat' dir='ltr'>scribo:</span> <span class='ocrx_word' id='word_1_164' title='bbox 559 1688 682 1732; x_wconf 74' lang='grc' dir='ltr'><em>ἴσους</em></span> <span class='ocrx_word' id='word_1_165' title='bbox 725 1686 959 1737; x_wconf 78' lang='grc' dir='ltr'><em>γίγνεσθαι</em></span> <span class='ocrx_word' id='word_1_166' title='bbox 989 1683 1061 1725; x_wconf 83' lang='grc' dir='ltr'>καὶ</span> <span class='ocrx_word' id='word_1_167' title='bbox 1103 1681 1208 1738; x_wconf 82' lang='grc' dir='ltr'><em>μήτε</em></span> <span class='ocrx_word' id='word_1_168' title='bbox 1248 1687 1416 1738; x_wconf 76' lang='grc' dir='ltr'><em>χαίρειν</em></span> 
     </span>
     <span class='ocr_line' id='line_1_21' title="bbox 142 1758 1516 1810; baseline -0.001 -9"><span class='ocrx_word' id='word_1_169' title='bbox 142 1760 319 1801; x_wconf 85' lang='lat' dir='ltr'>Videtur</span> <span class='ocrx_word' id='word_1_170' title='bbox 341 1759 490 1800; x_wconf 83' lang='lat' dir='ltr'>Stoicis</span> <span class='ocrx_word' id='word_1_171' title='bbox 511 1759 613 1800; x_wconf 84' lang='lat' dir='ltr'>haec</span> <span class='ocrx_word' id='word_1_172' title='bbox 633 1759 785 1800; x_wconf 89' lang='lat' dir='ltr'>locutio</span> <span class='ocrx_word' id='word_1_173' title='bbox 818 1759 859 1799; x_wconf 89' lang='lat' dir='ltr'>in</span> <span class='ocrx_word' id='word_1_174' title='bbox 893 1771 969 1800; x_wconf 88' lang='lat' dir='ltr'>usu</span> <span class='ocrx_word' id='word_1_175' title='bbox 992 1759 1118 1800; x_wconf 86' lang='lat' dir='ltr'>fuisse</span> <span class='ocrx_word' id='word_1_176' title='bbox 1149 1758 1200 1799; x_wconf 88' lang='lat' dir='ltr'>ad</span> <span class='ocrx_word' id='word_1_177' title='bbox 1222 1759 1516 1810; x_wconf 72' lang='lat' dir='ltr'>designandam</span> 
     </span>
     <span class='ocr_line' id='line_1_22' title="bbox 143 1833 1516 1887; baseline -0.001 -11"><span class='ocrx_word' id='word_1_178' title='bbox 143 1834 344 1887; x_wconf 82' lang='lat' dir='ltr'>sapientis</span> <span class='ocrx_word' id='word_1_179' title='bbox 375 1834 726 1886; x_wconf 84' lang='lat' dir='ltr'>contemptionem</span> <span class='ocrx_word' id='word_1_180' title='bbox 766 1833 1026 1884; x_wconf 83' lang='lat' dir='ltr'>divitiarum,</span> <span class='ocrx_word' id='word_1_181' title='bbox 1068 1834 1244 1885; x_wconf 80' lang='lat' dir='ltr'>gloriae,</span> <span class='ocrx_word' id='word_1_182' title='bbox 1286 1839 1516 1875; x_wconf 76' lang='lat' dir='ltr'>ceterarum</span> 
     </span>
     <span class='ocr_line' id='line_1_23' title="bbox 143 1908 1518 1960; baseline -0.002 -9"><span class='ocrx_word' id='word_1_183' title='bbox 143 1908 343 1951; x_wconf 84' lang='lat' dir='ltr'>eiusmodi</span> <span class='ocrx_word' id='word_1_184' title='bbox 375 1920 527 1950; x_wconf 80' lang='lat' dir='ltr'>rerum.</span> <span class='ocrx_word' id='word_1_185' title='bbox 590 1908 787 1959; x_wconf 80' lang='lat' dir='ltr'>Diogenis</span> <span class='ocrx_word' id='word_1_186' title='bbox 819 1908 985 1959; x_wconf 83' lang='lat' dir='ltr'>quidem</span> <span class='ocrx_word' id='word_1_187' title='bbox 1018 1920 1064 1948; x_wconf 91' lang='lat' dir='ltr'>eo</span> <span class='ocrx_word' id='word_1_188' title='bbox 1096 1909 1204 1958; x_wconf 87' lang='lat' dir='ltr'>loco,</span> <span class='ocrx_word' id='word_1_189' title='bbox 1238 1920 1359 1960; x_wconf 87' lang='lat' dir='ltr'>quem</span> <span class='ocrx_word' id='word_1_190' title='bbox 1391 1920 1518 1960; x_wconf 85' lang='lat' dir='ltr'>supra</span> 
     </span>
     <span class='ocr_line' id='line_1_24' title="bbox 143 1982 1517 2035; baseline -0.001 -11"><span class='ocrx_word' id='word_1_191' title='bbox 143 1983 359 2035; x_wconf 80' lang='lat' dir='ltr'>exscripsi,</span> <span class='ocrx_word' id='word_1_192' title='bbox 411 1983 461 2023; x_wconf 87' lang='lat' dir='ltr'>de</span> <span class='ocrx_word' id='word_1_193' title='bbox 511 1982 740 2024; x_wconf 84' lang='lat' dir='ltr'>Stoicorum</span> <span class='ocrx_word' id='word_1_194' title='bbox 788 1982 994 2034; x_wconf 80' lang='lat' dir='ltr'>dogmatis</span> <span class='ocrx_word' id='word_1_195' title='bbox 1045 1982 1283 2033; x_wconf 78' lang='lat' dir='ltr'>exponitur3</span> <span class='ocrx_word' id='word_1_196' title='bbox 1335 1982 1517 2023; x_wconf 87' lang='lat' dir='ltr'>Teletem</span> 
     </span>
     <span class='ocr_line' id='line_1_25' title="bbox 143 2056 1520 2099; baseline -0.001 -1"><span class='ocrx_word' id='word_1_197' title='bbox 143 2061 282 2099; x_wconf 84' lang='lat' dir='ltr'>autem</span> <span class='ocrx_word' id='word_1_198' title='bbox 315 2056 543 2099; x_wconf 82' lang='lat' dir='ltr'>Stoicorum</span> <span class='ocrx_word' id='word_1_199' title='bbox 589 2056 774 2098; x_wconf 83' lang='lat' dir='ltr'>familiae</span> <span class='ocrx_word' id='word_1_200' title='bbox 820 2057 1029 2098; x_wconf 80' lang='lat' dir='ltr'>addictum</span> <span class='ocrx_word' id='word_1_201' title='bbox 1075 2056 1205 2098; x_wconf 84' lang='lat' dir='ltr'>fuisse</span> <span class='ocrx_word' id='word_1_202' title='bbox 1244 2068 1386 2098; x_wconf 86' lang='lat' dir='ltr'>omnes</span> <span class='ocrx_word' id='word_1_203' title='bbox 1425 2068 1520 2097; x_wconf 89' lang='lat' dir='ltr'>con-</span> 
     </span>
     <span class='ocr_line' id='line_1_26' title="bbox 144 2132 342 2173; baseline -0.005 0"><span class='ocrx_word' id='word_1_204' title='bbox 144 2132 342 2173; x_wconf 87' lang='lat' dir='ltr'>sentiunt.</span> 
     </span>
    </p>

    <p class='ocr_par' dir='ltr' id='par_1_3' title="bbox 146 2205 1520 2334">
     <span class='ocr_line' id='line_1_27' title="bbox 263 2205 1519 2258; baseline -0.002 -10"><span class='ocrx_word' id='word_1_205' title='bbox 263 2207 327 2248; x_wconf 87' lang='lat' dir='ltr'>Ex</span> <span class='ocrx_word' id='word_1_206' title='bbox 359 2219 519 2258; x_wconf 85' lang='lat' dir='ltr'>eorum,</span> <span class='ocrx_word' id='word_1_207' title='bbox 557 2207 627 2258; x_wconf 88' lang='lat' dir='ltr'>qui</span> <span class='ocrx_word' id='word_1_208' title='bbox 665 2207 895 2247; x_wconf 81' lang='lat' dir='ltr'>recentiore</span> <span class='ocrx_word' id='word_1_209' title='bbox 926 2210 1064 2247; x_wconf 84' lang='lat' dir='ltr'>aetate</span> <span class='ocrx_word' id='word_1_210' title='bbox 1094 2207 1145 2248; x_wconf 88' lang='lat' dir='ltr'>de</span> <span class='ocrx_word' id='word_1_211' title='bbox 1175 2206 1436 2258; x_wconf 86' lang='lat' dir='ltr'>philosophia</span> <span class='ocrx_word' id='word_1_212' title='bbox 1467 2205 1519 2246; x_wconf 87' lang='lat' dir='ltr'>ad</span> 
     </span>
     <span class='ocr_line' id='line_1_28' title="bbox 146 2281 1520 2334; baseline -0.002 -12"><span class='ocrx_word' id='word_1_213' title='bbox 146 2294 405 2323; x_wconf 89' lang='lat' dir='ltr'>communem</span> <span class='ocrx_word' id='word_1_214' title='bbox 438 2281 766 2333; x_wconf 82' lang='lat' dir='ltr'>intellegentiam</span> <span class='ocrx_word' id='word_1_215' title='bbox 799 2282 1108 2323; x_wconf 83' lang='lat' dir='ltr'>accommodate</span> <span class='ocrx_word' id='word_1_216' title='bbox 1140 2282 1414 2334; x_wconf 85' lang='lat' dir='ltr'>scripserunt,</span> <span class='ocrx_word' id='word_1_217' title='bbox 1454 2291 1520 2320; x_wconf 90' lang='lat' dir='ltr'>su-</span> 
     </span>
    </p>
   </div>
   <div class='ocr_carea' id='block_1_3' title="bbox 151 2364 379 2367">
    <p class='ocr_par' dir='ltr' id='par_1_4' title="bbox 151 2364 379 2367">
     <span class='ocr_line' id='line_1_29' title="bbox 151 2364 379 2367; baseline 0 0"><span class='ocrx_word' id='word_1_218' title='bbox 151 2364 379 2367; x_wconf 95' lang='lat' dir='ltr'> </span> 
     </span>
    </p>
   </div>
   <div class='ocr_carea' id='block_1_4' title="bbox 146 2393 1523 2780">
    <p class='ocr_par' dir='ltr' id='par_1_5' title="bbox 262 2393 1521 2438">
     <span class='ocr_line' id='line_1_30' title="bbox 262 2393 1521 2438; baseline 0 -11"><span class='ocrx_word' id='word_1_219' title='bbox 262 2393 294 2438; x_wconf 83' lang='lat'>1)</span> <span class='ocrx_word' id='word_1_220' title='bbox 320 2393 469 2427; x_wconf 87' lang='lat' dir='ltr'>Ibidem:</span> <span class='ocrx_word' id='word_1_221' title='bbox 497 2398 556 2437; x_wconf 89' lang='lat' dir='ltr'>„ut</span> <span class='ocrx_word' id='word_1_222' title='bbox 583 2394 735 2437; x_wconf 84' lang='lat' dir='ltr'>mittam,</span> <span class='ocrx_word' id='word_1_223' title='bbox 761 2404 852 2437; x_wconf 81' lang='lat' dir='ltr'>quae</span> <span class='ocrx_word' id='word_1_224' title='bbox 881 2394 931 2428; x_wconf 89' lang='lat' dir='ltr'>vis</span> <span class='ocrx_word' id='word_1_225' title='bbox 956 2394 998 2428; x_wconf 85' lang='lat' dir='ltr'>sit</span> <span class='ocrx_word' id='word_1_226' title='bbox 1017 2394 1177 2428; x_wconf 88' lang='lat' dir='ltr'>vocabuli</span> <span class='ocrx_word' id='word_1_227' title='bbox 1203 2393 1291 2436; x_wconf 78' lang='grc' dir='ltr'><em>ἴσος,</em></span> <span class='ocrx_word' id='word_1_228' title='bbox 1317 2393 1521 2436; x_wconf 80' lang='lat' dir='ltr'>quaerere“.</span> 
     </span>
    </p>

    <p class='ocr_par' dir='ltr' id='par_1_6' title="bbox 146 2450 1523 2780">
     <span class='ocr_line' id='line_1_31' title="bbox 262 2450 1522 2494; baseline -0.001 -10"><span class='ocrx_word' id='word_1_229' title='bbox 262 2450 295 2490; x_wconf 81' lang='lat'>²)</span> <span class='ocrx_word' id='word_1_230' title='bbox 321 2451 434 2484; x_wconf 83' lang='lat' dir='ltr'>Huius</span> <span class='ocrx_word' id='word_1_231' title='bbox 459 2450 646 2485; x_wconf 84' lang='lat' dir='ltr'>locutionis</span> <span class='ocrx_word' id='word_1_232' title='bbox 671 2451 858 2494; x_wconf 78' lang='lat' dir='ltr'>explicatio</span> <span class='ocrx_word' id='word_1_233' title='bbox 876 2450 1043 2485; x_wconf 85' lang='lat' dir='ltr'>facillima</span> <span class='ocrx_word' id='word_1_234' title='bbox 1067 2460 1141 2485; x_wconf 87' lang='lat' dir='ltr'>esse</span> <span class='ocrx_word' id='word_1_235' title='bbox 1164 2450 1311 2484; x_wconf 84' lang='lat' dir='ltr'>videtur.</span> <span class='ocrx_word' id='word_1_236' title='bbox 1360 2450 1408 2484; x_wconf 90' lang='lat' dir='ltr'>Ut</span> <span class='ocrx_word' id='word_1_237' title='bbox 1431 2450 1522 2484; x_wconf 90' lang='lat' dir='ltr'>enim</span> 
     </span>
     <span class='ocr_line' id='line_1_32' title="bbox 146 2503 1521 2552; baseline 0 -12"><span class='ocrx_word' id='word_1_238' title='bbox 146 2508 225 2546; x_wconf 75' lang='grc' dir='ltr'><em>ἴσος</em></span> <span class='ocrx_word' id='word_1_239' title='bbox 249 2503 426 2550; x_wconf 77' lang='grc' dir='ltr'><em>δικαστής</em></span> <span class='ocrx_word' id='word_1_240' title='bbox 452 2507 560 2551; x_wconf 79' lang='lat' dir='ltr'>(Plat.</span> <span class='ocrx_word' id='word_1_241' title='bbox 586 2508 651 2551; x_wconf 86' lang='lat' dir='ltr'>leg.</span> <span class='ocrx_word' id='word_1_242' title='bbox 677 2511 709 2551; x_wconf 89' lang='lat'>7,</span> <span class='ocrx_word' id='word_1_243' title='bbox 734 2519 768 2551; x_wconf 85' lang='lat' dir='ltr'>p.</span> <span class='ocrx_word' id='word_1_244' title='bbox 795 2509 861 2542; x_wconf 78' lang='lat'>957</span> <span class='ocrx_word' id='word_1_245' title='bbox 874 2509 921 2551; x_wconf 84' lang='lat' dir='ltr'>c),</span> <span class='ocrx_word' id='word_1_246' title='bbox 947 2508 1025 2546; x_wconf 73' lang='grc' dir='ltr'><em>ἴσος</em></span> <span class='ocrx_word' id='word_1_247' title='bbox 1049 2503 1175 2551; x_wconf 79' lang='grc' dir='ltr'><em>κριτής</em></span> <span class='ocrx_word' id='word_1_248' title='bbox 1200 2506 1340 2552; x_wconf 81' lang='lat' dir='ltr'>(Polyb.</span> <span class='ocrx_word' id='word_1_249' title='bbox 1361 2510 1414 2549; x_wconf 90' lang='grc'>17,</span> <span class='ocrx_word' id='word_1_250' title='bbox 1431 2507 1521 2550; x_wconf 87' lang='lat'>6,1)</span> 
     </span>
     <span class='ocr_line' id='line_1_33' title="bbox 146 2564 1523 2609; baseline 0 -11"><span class='ocrx_word' id='word_1_251' title='bbox 146 2565 175 2598; x_wconf 85' lang='lat' dir='ltr'>is</span> <span class='ocrx_word' id='word_1_252' title='bbox 203 2565 339 2608; x_wconf 86' lang='lat' dir='ltr'>dicitur,</span> <span class='ocrx_word' id='word_1_253' title='bbox 366 2565 425 2608; x_wconf 89' lang='lat' dir='ltr'>qui</span> <span class='ocrx_word' id='word_1_254' title='bbox 450 2566 566 2599; x_wconf 77' lang='lat' dir='ltr'>neutri</span> <span class='ocrx_word' id='word_1_255' title='bbox 588 2565 679 2609; x_wconf 84' lang='lat' dir='ltr'>parti</span> <span class='ocrx_word' id='word_1_256' title='bbox 698 2566 803 2608; x_wconf 84' lang='lat' dir='ltr'>favet,</span> <span class='ocrx_word' id='word_1_257' title='bbox 828 2565 877 2599; x_wconf 85' lang='lat' dir='ltr'>sic</span> <span class='ocrx_word' id='word_1_258' title='bbox 902 2565 943 2598; x_wconf 83' lang='lat' dir='ltr'>(le</span> <span class='ocrx_word' id='word_1_259' title='bbox 968 2565 1119 2599; x_wconf 82' lang='lat' dir='ltr'>fortunis</span> <span class='ocrx_word' id='word_1_260' title='bbox 1145 2575 1222 2599; x_wconf 89' lang='lat' dir='ltr'>cum</span> <span class='ocrx_word' id='word_1_261' title='bbox 1241 2565 1365 2608; x_wconf 78' lang='lat' dir='ltr'>agitur,</span> <span class='ocrx_word' id='word_1_262' title='bbox 1389 2565 1419 2598; x_wconf 85' lang='lat' dir='ltr'>is</span> <span class='ocrx_word' id='word_1_263' title='bbox 1443 2564 1523 2603; x_wconf 79' lang='grc' dir='ltr'><em>ἴσος</em></span> 
     </span>
     <span class='ocr_line' id='line_1_34' title="bbox 147 2622 1521 2666; baseline -0.001 -10"><span class='ocrx_word' id='word_1_264' title='bbox 147 2627 209 2665; x_wconf 86' lang='lat' dir='ltr'>est,</span> <span class='ocrx_word' id='word_1_265' title='bbox 236 2622 295 2664; x_wconf 87' lang='lat' dir='ltr'>qui</span> <span class='ocrx_word' id='word_1_266' title='bbox 321 2628 480 2655; x_wconf 85' lang='lat' dir='ltr'>neutram</span> <span class='ocrx_word' id='word_1_267' title='bbox 512 2622 546 2656; x_wconf 87' lang='lat' dir='ltr'>in</span> <span class='ocrx_word' id='word_1_268' title='bbox 573 2627 729 2666; x_wconf 79' lang='lat' dir='ltr'>partem,</span> <span class='ocrx_word' id='word_1_269' title='bbox 762 2623 783 2655; x_wconf 94' lang='lat' dir='ltr'>i.</span> <span class='ocrx_word' id='word_1_270' title='bbox 810 2632 838 2657; x_wconf 88' lang='grc'>6.</span> <span class='ocrx_word' id='word_1_271' title='bbox 865 2632 980 2665; x_wconf 83' lang='lat' dir='ltr'>neque</span> <span class='ocrx_word' id='word_1_272' title='bbox 1011 2623 1045 2656; x_wconf 90' lang='lat' dir='ltr'>in</span> <span class='ocrx_word' id='word_1_273' title='bbox 1070 2622 1320 2666; x_wconf 84' lang='lat' dir='ltr'>appetitionem</span> <span class='ocrx_word' id='word_1_274' title='bbox 1348 2631 1462 2665; x_wconf 87' lang='lat' dir='ltr'>neque</span> <span class='ocrx_word' id='word_1_275' title='bbox 1486 2622 1521 2655; x_wconf 88' lang='lat' dir='ltr'>in</span> 
     </span>
     <span class='ocr_line' id='line_1_35' title="bbox 146 2679 1521 2724; baseline 0 -10"><span class='ocrx_word' id='word_1_276' title='bbox 146 2679 367 2714; x_wconf 80' lang='lat' dir='ltr'>reiectionem</span> <span class='ocrx_word' id='word_1_277' title='bbox 383 2679 529 2714; x_wconf 85' lang='lat' dir='ltr'>inclinat</span> <span class='ocrx_word' id='word_1_278' title='bbox 545 2680 674 2724; x_wconf 88' lang='lat' dir='ltr'>quique</span> <span class='ocrx_word' id='word_1_279' title='bbox 691 2680 831 2715; x_wconf 75' lang='lat' dir='ltr'>illarum</span> <span class='ocrx_word' id='word_1_280' title='bbox 846 2690 961 2713; x_wconf 87' lang='lat' dir='ltr'>rerum</span> <span class='ocrx_word' id='word_1_281' title='bbox 979 2684 1014 2714; x_wconf 84' lang='lat' dir='ltr'>et</span> <span class='ocrx_word' id='word_1_282' title='bbox 1037 2679 1291 2715; x_wconf 80' lang='lat' dir='ltr'>abundantiam</span> <span class='ocrx_word' id='word_1_283' title='bbox 1317 2685 1352 2714; x_wconf 86' lang='lat' dir='ltr'>et</span> <span class='ocrx_word' id='word_1_284' title='bbox 1368 2679 1521 2724; x_wconf 82' lang='lat' dir='ltr'>inopiam</span> 
     </span>
     <span class='ocr_line' id='line_1_36' title="bbox 146 2737 502 2780; baseline 0 -10"><span class='ocrx_word' id='word_1_285' title='bbox 146 2744 258 2780; x_wconf 76' lang='lat' dir='ltr'>aequo</span> <span class='ocrx_word' id='word_1_286' title='bbox 283 2737 352 2770; x_wconf 87' lang='lat' dir='ltr'>fert</span> <span class='ocrx_word' id='word_1_287' title='bbox 377 2737 502 2771; x_wconf 83' lang='lat' dir='ltr'>animo.</span> 
     </span>
    </p>
   </div>
   <div class='ocr_carea' id='block_1_5' title="bbox 1211 2800 1236 2838">
    <p class='ocr_par' dir='ltr' id='par_1_7' title="bbox 1211 2800 1236 2838">
     <span class='ocr_line' id='line_1_37' title="bbox 1211 2800 1236 2838; baseline 0 0"><span class='ocrx_word' id='word_1_288' title='bbox 1211 2800 1236 2838; x_wconf 89' lang='grc'>4</span> 
     </span>
    </p>
   </div>
  </div>
 </body>
</html>
