1888 3170
273 906 387 977 Cum
421 935 588 978 Cebetis
620 948 725 988 quae
757 934 892 977 fertur
920 935 1081 977 Tabula
1111 939 1282 988 propter
1312 936 1530 978 materiam

156 1012 206 1053 ad
241 1023 375 1052 mores
396 1011 674 1062 pertinentem
697 1009 979 1061 allegoriaque
1001 1009 1188 1051 adhibita
1209 1009 1386 1051 facetius
1409 1022 1531 1062 quam

156 1086 245 1127 fieri
268 1086 375 1127 solet
395 1084 627 1137 expositam
659 1084 711 1125 ab
734 1084 970 1125 hominibus
993 1084 1178 1125 Graecae
1200 1085 1367 1135 linguae
1388 1084 1532 1136 peritis

157 1172 316 1215 summo
362 1157 498 1201 studio
542 1158 807 1200 lectitaretur
857 1158 1297 1211 typographorumque
1343 1157 1533 1199 officinas

157 1233 384 1275 identidem
417 1237 648 1284 exerceret,
682 1232 793 1274 haud
825 1233 885 1274 ita
916 1233 1034 1275 multi
1074 1233 1261 1285 fuerunt,
1300 1235 1369 1285 qui
1400 1237 1533 1275 artem

158 1308 344 1349 criticam
377 1308 414 1349 ei
436 1307 682 1349 adhiberent
707 1319 850 1359 eaque,
884 1320 1008 1360 quam
1030 1320 1079 1348 ex
1100 1307 1177 1349 hoc
1197 1307 1338 1349 libello
1358 1307 1534 1360 legendo

158 1382 380 1434 capiebant
412 1381 624 1434 voluptate
655 1393 736 1422 non
770 1382 1082 1434 acquiescentes
1121 1382 1323 1432 originem
1365 1382 1454 1423 eius
1492 1382 1534 1423 in

158 1457 444 1509 quaestionem
478 1460 688 1497 vocarent.
751 1457 886 1508 Atque
918 1456 1075 1507 primus
1107 1458 1148 1496 et
1178 1456 1289 1496 intra
1322 1457 1536 1507 complura

160 1531 327 1572 saecula
358 1542 464 1572 unus
487 1530 767 1583 Hieronymus
790 1529 1002 1580 Wolfius¹)
1035 1542 1079 1572 se
1101 1530 1291 1571 dubitare
1322 1530 1535 1582 professus

158 1608 234 1655 est,
270 1617 367 1645 num
400 1608 513 1646 recte
546 1604 757 1646 Socratico
789 1603 933 1645 Cebeti
966 1603 1125 1646 Tabula
1162 1605 1286 1658 vulgo
1326 1605 1535 1645 adscribe-

159 1683 287 1720 retur.
355 1678 486 1728 Quam
529 1679 805 1731 suspicionem
849 1679 1008 1720 duabus
1051 1680 1175 1720 rebus
1219 1680 1359 1721 docuit
1402 1683 1537 1721 ortam

160 1766 264 1805 esse,
296 1754 474 1806 primum
508 1754 616 1806 quod
648 1754 833 1795 Tabulae
865 1754 940 1795 loci
975 1753 1161 1795 nonnulli
1198 1766 1281 1795 non
1319 1754 1540 1795 convenire

159 1829 403 1870 viderentur
435 1840 524 1869 cum
558 1828 726 1870 Cebetis
757 1828 957 1870 Socratici
989 1832 1143 1880 aetate,
1175 1827 1324 1869 deinde
1354 1828 1463 1881 quod
1495 1828 1537 1868 in

161 1903 393 1945 Stoicorum
427 1904 660 1945 sententias
692 1907 914 1955 appareret
944 1907 1154 1945 auctorem
1186 1903 1399 1944 inclinare.
1461 1902 1539 1942 His

161 1978 232 2019 diu
254 1990 362 2020 nova
379 1981 629 2030 argumenta
651 1990 732 2019 non
753 1982 851 2019 sunt
867 1978 1042 2029 adiecta,
1065 1990 1254 2030 quaeque
1270 1973 1539 2026 Feurlinus2),

162 2052 454 2108 Bruckerusss),
479 2053 778 2105 Meine1·sius⁴)‚
801 2053 1255 2105 Schweighaeuserus5)
1279 2075 1330 2081 —
1354 2056 1400 2092 ut
1421 2051 1541 2091 omit—

162 2131 248 2169 tam
281 2128 547 2180 Berkelium,
590 2129 660 2181 qui
692 2127 833 2169 Wolfii
877 2128 1005 2169 verba
1046 2127 1312 2179 transcripsit
1355 2126 1541 2177 aliosque

164 2203 413 2255 complures,
452 2215 553 2255 quos
591 2203 813 2245 Feurlinus
852 2202 1110 2244 enumeravit
1146 2215 1184 2254 p.
1220 2205 1269 2242 16
1300 2223 1356 2230 —n
1387 2201 1540 2253 partim

163 2276 411 2319 refutandae
451 2278 605 2330 partim
647 2277 978 2330 comprobandae
1009 2277 1121 2318 illius
1153 2276 1386 2318 sententiae
1418 2287 1542 2317 causa

164 2351 498 2405 disputaverunt,
529 2353 571 2393 in
604 2352 654 2394 iis
683 2352 792 2394 ratio
824 2363 906 2393 non
938 2351 1117 2393 habetur
1138 2351 1219 2392 nisi
1247 2349 1543 2401 chronologiae

166 2429 208 2466 et
240 2438 395 2477 eorum,
428 2440 534 2480 quae
558 2427 633 2468 hoc
654 2438 777 2479 opere
799 2426 1077 2477 continentur,
1111 2424 1398 2477 philosophiae
1423 2435 1543 2475 prae-

282 2538 315 2583 1)
339 2539 375 2572 in
400 2538 555 2573 editione
580 2548 644 2572 sua
670 2539 752 2573 Bas.
780 2539 879 2574 1560.

283 2594 316 2639 2)
342 2595 493 2630 Miscell.
522 2595 693 2639 Lipsiens.
718 2600 802 2629 tom.
827 2595 881 2628 III
907 2605 940 2638 p.
971 2595 1114 2628 15-60.

284 2651 315 2695 Β)
342 2652 431 2687 Hist.
458 2652 587 2696 philos.
612 2653 629 2686 I
654 2663 689 2696 p,
717 2653 783 2686 578
808 2663 860 2695 sq.

282 2708 316 2753 ⁴)
343 2709 568 2743 commentat.
596 2709 717 2743 societ.
742 2708 898 2752 Gotting.
928 2709 1029 2741 1782.

285 2764 316 2809 ⁵)
341 2766 376 2799 in
401 2765 481 2802 edit.
509 2775 572 2800 sua
597 2765 753 2809 Epicteti
778 2769 814 2799 et
840 2764 981 2799 cebetis
1006 2763 1097 2798 Tab.
1122 2765 1309 2806 Argentor.
1338 2763 1437 2797 1798.

1238 2826 1256 2863 l
