1888 3170
707 215 988 252 -51-

166 326 308 367 iubeat
339 336 400 375 ea,
433 336 538 376 quae
559 323 743 364 Fortuna
774 324 956 375 praebet,
988 324 1132 375 accipi.
1182 323 1355 364 Minime
1384 323 1462 364 hoc
1482 335 1532 364 ex

167 398 413 450 Cynicorum
457 397 678 439 sententia.
752 397 811 438 Ut
858 399 967 438 enim
1016 397 1287 439 concedamus
1334 397 1532 450 plurimos

165 471 428 513 Antisthenis
461 475 689 513 sectatores
718 470 794 512 hac
825 472 866 512 in
898 484 943 512 re
973 472 1152 513 leniores
1183 471 1311 512 fuisse
1338 471 1530 521 Diogene,

166 545 234 598 qui
259 546 472 587 contendit
502 541 607 598 μήτε
639 543 686 585 ἐν
707 541 829 586 πόλει
854 548 1044 600 πλουσίᾳ
1075 542 1179 599 μήτε
1211 544 1258 586 ἐν
1290 546 1405 600 οἰκίᾳ
1437 539 1533 596 ἀρε-

166 614 246 672 τὴν
279 620 415 660 οἰκεῖν
447 616 737 671 δύνασθαι’),
769 619 808 659 id
840 623 979 660 tamen
1012 632 1299 671 qurecumque
1330 619 1381 660 de
1413 617 1534 671 Cyni-

168 705 307 734 corum
338 694 423 734 vita
455 694 722 745 moribusque
751 694 909 734 tradita
940 699 1038 735 sunt
1069 695 1294 745 declarant,
1327 693 1535 734 studuisse

168 779 239 808 eos
281 780 306 807 a
345 767 584 808 divitiarum
628 768 887 819 possessione
917 780 1040 820 quam
1084 769 1260 810 maxime
1290 771 1462 820 possent
1493 779 1536 808 se

167 842 359 893 expedire
381 842 589 893 vitamque
621 840 662 881 in
695 853 857 882 summa
888 845 1135 894 paupertate
1157 843 1319 895 degere,
1351 854 1434 894 qua
1466 853 1536 883 eos

167 916 237 968 qui
269 916 322 956 ad
351 916 548 957 virtutem
579 915 782 966 nituntur,
816 915 1003 956 adiuvari
1035 916 1320 958 existimarent
1333 914 1378 969 ²).
1429 915 1537 956 Huic

170 990 416 1043 Cynicorum
458 990 692 1031 sententiae
733 1002 892 1042 oppone
931 1002 1037 1042 quae
1069 990 1226 1031 Seneca
1263 990 1451 1042 disputat
1487 990 1538 1030 de

168 1064 240 1105 vit.
272 1064 382 1105 beat.
416 1067 466 1104 21
501 1076 583 1115 ex.,
617 1077 679 1116 ep.
713 1069 750 1114 5,
782 1076 969 1116 quaeque
1001 1063 1204 1105 Stobaeus
1236 1065 1310 1106 ecl.
1341 1065 1422 1109 eth.
1460 1067 1539 1105 174

169 1150 207 1189 p.
239 1141 293 1179 43
332 1138 471 1189 Mein.,
506 1138 711 1190 Diogenes
742 1138 935 1180 Laertius
970 1138 1046 1179 Vn
1085 1142 1161 1180 106
1195 1139 1367 1180 tradunt
1398 1139 1448 1180 de
1479 1138 1540 1179 di-

170 1211 282 1252 vitiis
313 1224 338 1252 a
366 1210 516 1253 Stoicis
547 1212 589 1253 in
621 1213 872 1265 praepositis
894 1225 1000 1266 quae
1020 1213 1214 1254 dicuntur
1246 1211 1539 1265 numeratis3):

170 1286 250 1326 iam
289 1286 363 1327 tibi
402 1287 671 1338 persuadebis
697 1287 925 1329 Stoicorum
965 1288 1102 1339 potius
1139 1300 1262 1340 quam
1295 1285 1538 1341 Cynicorum

170 1360 368 1412 dogmata
399 1361 540 1403 Cebeti
569 1363 790 1414 placuisse.

546 1476 591 1528 β)
623 1477 684 1517 De
715 1476 948 1517 litterarum
982 1476 1170 1517 scientia.

286 1558 454 1607 Eorum,
488 1557 628 1610 quide
660 1558 783 1598 rebus
805 1558 988 1598 externis
1021 1561 1130 1598 recte
1157 1557 1358 1609 sentiunt,
1391 1570 1543 1610 magna

170 1643 266 1683 pars
298 1631 380 1672 alio
412 1631 590 1684 quodam
623 1643 764 1672 errore
796 1632 997 1673 obstricta.
1028 1636 1213 1673 tenetur:
1252 1636 1403 1684 putant
1434 1633 1543 1674 enim

171 1705 406 1747 litterarum
439 1706 576 1747 studio
607 1718 746 1747 veram
781 1705 887 1748 effici
920 1706 1210 1748 eruditionem.
1270 1707 1322 1747 Hi
1356 1710 1454 1748 sunt
1484 1707 1544 1748 illi

180 1782 534 1829 Ψευδοπαιδείας
576 1784 803 1831 amatores,
845 1781 915 1833 qui
960 1785 1334 1822 commemorantur
1379 1785 1428 1822 13
1462 1794 1543 1834 sq.;

174 1859 275 1907 23‚2
307 1868 380 1908 sq.,
414 1856 455 1896 in
489 1855 636 1908 quibus
669 1858 940 1895 munerantur
968 1859 1129 1907 poetae,
1162 1856 1363 1906 rhetores,
1395 1856 1546 1897 dialec-

172 1931 257 1980 tici,
292 1931 456 1981 musici,
499 1930 771 1973 arithmetici.
812 1933 1065 1981 geometrae,
1099 1931 1317 1981 astrologi,
1356 1929 1545 1980 critiam.

291 2021 319 2066 1)
345 2022 387 2055 cf.
415 2021 510 2056 Stob.
537 2021 613 2056 flor.
640 2023 695 2064 93,
721 2022 775 2056 35,
825 2020 942 2053 Simile
969 2019 1009 2052 de
1042 2020 1132 2053 bona
1158 2021 1250 2054 fama
1275 2021 1440 2055 iudicium
1465 2020 1547 2055 fecit

173 2079 402 2113 Antisthenes
429 2079 543 2122 (Diog.
572 2078 690 2112 Laert.
716 2077 823 2121 6,1'1):
850 2073 916 2120 τήν
942 2089 979 2110 τε
1006 2071 1163 2119 ἀδοξίαν
1189 2072 1351 2121 ἀγαθόν.

291 2135 318 2180 2)
344 2136 518 2180 Diogenes
542 2135 637 2179 apud
661 2135 751 2169 Stoc.
771 2134 845 2168 flor.
865 2135 919 2175 95,
950 2136 1000 2176 11,
1024 2136 1079 2176 193
1108 2134 1229 2168 Crates
1256 2135 1350 2178 apud
1371 2135 1545 2178 Epiphan.

177 2204 256 2237 exp.
282 2192 340 2227 fid.
369 2195 500 2227 1089c:
528 2188 747 2235 ἐλευθερίας
773 2189 869 2224 εἶναι
893 2186 960 2233 τὴν
982 2185 1246 2234 ἄκτημοσύνην
1308 2191 1360 2225 Cf.
1386 2202 1476 2235 quae
1507 2191 1547 2226 de

175 2251 332 2294 Diogene
357 2257 392 2285 et
417 2251 460 2285 de
486 2252 628 2285 Cratete
653 2255 774 2284 narrat
799 2249 973 2292 Diogenes
999 2249 1162 2283 Laertius
1188 2250 1237 2282 VI
1261 2250 1316 2283 87.

293 2308 324 2352 3)
350 2308 445 2343 Idem
481 2309 523 2342 de
549 2308 688 2342 Zenone
722 2307 908 2340 memoriae
941 2306 1090 2340 tradidit
1125 2307 1327 2340 Athenaeus
1353 2306 1402 2339 VI
1433 2307 1547 2341 233h:

177 2360 307 2408 Ζήνων
331 2362 372 2398 δὲ
394 2391 401 2398 .
421 2393 428 2400 .
447 2392 454 2399 .
479 2361 604 2398 πάντα
629 2357 742 2398 τᾶλλα
769 2359 863 2406 πλὴν
888 2363 955 2396 τοῦ
989 2364 1152 2406 νομίμως
1185 2358 1316 2402 αὐτοῖς
1340 2363 1404 2397 καὶ
1430 2364 1550 2403 καλῶς

174 2423 339 2466 χρῆσθαι
376 2423 532 2466 νομίσας
568 2417 762 2465 ἀδιάφορα
799 2416 866 2464 τὴν
903 2417 972 2463 μὲν
1011 2414 1125 2463 εὐχὴν
1162 2415 1286 2454 αὐτῶν
1322 2420 1386 2454 καὶ
1422 2416 1550 2464 φυγὴν

177 2474 363 2522 ἀπειπών,
389 2475 457 2523 τὴν
481 2480 610 2523 χρῆσιν
636 2477 676 2512 δὲ
702 2479 774 2511 τῶν
799 2478 907 2511 λιτῶν
934 2476 997 2510 καὶ
1023 2472 1227 2521 οἷπερίττων
1258 2476 1551 2522 προηγουμένως

176 2539 371 2570 ποιεῖσθαι
402 2532 660 2579 προστάσσων,
695 2530 796 2573 ὅπως
831 2529 924 2577 ἀδεῆ
959 2533 1023 2567 καὶ
1057 2529 1287 2578 οἷθαύμαστα
1321 2531 1413 2579 πρὸς
1437 2527 1550 2568 τᾶλλα

175 2589 244 2636 τὴν
270 2593 446 2627 διἀθεσιν
471 2593 536 2637 τῆς
560 2594 684 2636 ψυχῆς
713 2590 862 2636 ἔχοντες
888 2590 927 2625 οἵ
950 2587 1149 2635 ἅνθρωποι
1169 2617 1175 2625 .
1195 2618 1201 2625 .
1221 2618 1228 2626 .

292 2648 319 2692 4)
347 2650 399 2683 De
434 2651 696 2684 Hedonicorum
736 2655 770 2683 et
807 2649 1121 2692 Peripateticorum
1160 2649 1487 2683 commemoratione
1520 2660 1552 2682 v·

177 2718 287 2761 supra
312 2718 346 2751 p.
373 2710 414 2742 17
440 2718 493 2752 sq.

1211 2765 1261 2806 4*
