<?xml version="1.0" encoding="UTF-8"?>
<!DOCTYPE html PUBLIC "-//W3C//DTD XHTML 1.0 Transitional//EN"
    "http://www.w3.org/TR/xhtml1/DTD/xhtml1-transitional.dtd">
<html xmlns="http://www.w3.org/1999/xhtml" xml:lang="en" lang="en">
 <head>
  <title>
</title>
<meta http-equiv="Content-Type" content="text/html;charset=utf-8" />
  <meta name='ocr-system' content='tesseract 3.04.00' />
  <meta name='ocr-capabilities' content='ocr_page ocr_carea ocr_par ocr_line ocrx_word'/>
</head>
<body>
  <div class='ocr_page' id='page_1' title='image "./cebetistabulaqua00praeuoft_0092.png"; bbox 0 0 1888 3170; ppageno 0'>
   <div class='ocr_carea' id='block_1_1' title="bbox 884 193 1169 230">
    <p class='ocr_par' dir='ltr' id='par_1_1' title="bbox 884 193 1169 230">
     <span class='ocr_line' id='line_1_1' title="bbox 884 193 1169 230; baseline 0 -13"><span class='ocrx_word' id='word_1_1' title='bbox 884 193 1169 230; x_wconf 44' lang='grc' dir='ltr'><strong>..84η</strong></span> 
     </span>
    </p>
   </div>
   <div class='ocr_carea' id='block_1_2' title="bbox 342 302 1713 421">
    <p class='ocr_par' dir='ltr' id='par_1_2' title="bbox 342 302 1713 421">
     <span class='ocr_line' id='line_1_2' title="bbox 343 302 1713 358; baseline -0.004 -12"><span class='ocrx_word' id='word_1_2' title='bbox 343 305 665 358; x_wconf 78' lang='lat' dir='ltr'>prosopopoeiae</span> <span class='ocrx_word' id='word_1_3' title='bbox 696 304 800 344; x_wconf 86' lang='lat' dir='ltr'>alias</span> <span class='ocrx_word' id='word_1_4' title='bbox 831 315 994 355; x_wconf 89' lang='lat' dir='ltr'>quoque</span> <span class='ocrx_word' id='word_1_5' title='bbox 1024 303 1292 344; x_wconf 81' lang='lat' dir='ltr'>inveniantur</span> <span class='ocrx_word' id='word_1_6' title='bbox 1322 303 1382 343; x_wconf 87' lang='lat' dir='ltr'>ita</span> <span class='ocrx_word' id='word_1_7' title='bbox 1413 302 1635 350; x_wconf 77' lang='lat' dir='ltr'>exhibitae,</span> <span class='ocrx_word' id='word_1_8' title='bbox 1667 304 1713 341; x_wconf 86' lang='lat' dir='ltr'>ut</span> 
     </span>
     <span class='ocr_line' id='line_1_3' title="bbox 342 375 1713 421; baseline -0.005 0"><span class='ocrx_word' id='word_1_9' title='bbox 342 380 507 421; x_wconf 89' lang='lat' dir='ltr'>Pinacis</span> <span class='ocrx_word' id='word_1_10' title='bbox 553 379 714 420; x_wconf 86' lang='lat' dir='ltr'>auctori</span> <span class='ocrx_word' id='word_1_11' title='bbox 759 379 935 419; x_wconf 87' lang='lat' dir='ltr'>aliorum</span> <span class='ocrx_word' id='word_1_12' title='bbox 980 378 1149 419; x_wconf 84' lang='lat' dir='ltr'>inventa</span> <span class='ocrx_word' id='word_1_13' title='bbox 1192 376 1414 418; x_wconf 77' lang='lat' dir='ltr'>obversata</span> <span class='ocrx_word' id='word_1_14' title='bbox 1459 387 1550 416; x_wconf 89' lang='lat' dir='ltr'>esse</span> <span class='ocrx_word' id='word_1_15' title='bbox 1589 375 1713 415; x_wconf 82' lang='lat' dir='ltr'>liceat</span> 
     </span>
    </p>
   </div>
   <div class='ocr_carea' id='block_1_3' title="bbox 342 453 554 505">
    <p class='ocr_par' dir='ltr' id='par_1_3' title="bbox 342 453 554 505">
     <span class='ocr_line' id='line_1_4' title="bbox 342 453 554 505; baseline -0.014 -9"><span class='ocrx_word' id='word_1_16' title='bbox 342 453 554 505; x_wconf 86' lang='lat' dir='ltr'>suspicari.</span> 
     </span>
    </p>
   </div>
   <div class='ocr_carea' id='block_1_4' title="bbox 660 556 1391 618">
    <p class='ocr_par' dir='ltr' id='par_1_4' title="bbox 660 556 1391 618">
     <span class='ocr_line' id='line_1_5' title="bbox 660 556 1391 618; baseline -0.005 -13"><span class='ocrx_word' id='word_1_17' title='bbox 660 559 696 606; x_wconf 85' lang='lat'>1.</span> <span class='ocrx_word' id='word_1_18' title='bbox 726 559 792 605; x_wconf 91' lang='lat' dir='ltr'>De</span> <span class='ocrx_word' id='word_1_19' title='bbox 825 557 1086 605; x_wconf 81' lang='lat' dir='ltr'>artificum</span> <span class='ocrx_word' id='word_1_20' title='bbox 1118 556 1391 618; x_wconf 69' lang='lat' dir='ltr'>allegoriis</span> 
     </span>
    </p>
   </div>
   <div class='ocr_carea' id='block_1_5' title="bbox 337 657 1713 1676">
    <p class='ocr_par' dir='ltr' id='par_1_5' title="bbox 337 657 1713 1676">
     <span class='ocr_line' id='line_1_6' title="bbox 455 657 1712 711; baseline -0.006 -10"><span class='ocrx_word' id='word_1_21' title='bbox 455 660 490 701; x_wconf 83' lang='lat' dir='ltr'>E</span> <span class='ocrx_word' id='word_1_22' title='bbox 530 661 828 702; x_wconf 86' lang='lat' dir='ltr'>statuariorum</span> <span class='ocrx_word' id='word_1_23' title='bbox 871 659 1066 711; x_wconf 90' lang='lat' dir='ltr'>operibus</span> <span class='ocrx_word' id='word_1_24' title='bbox 1109 657 1463 710; x_wconf 85' lang='lat' dir='ltr'>antiquissimum,</span> <span class='ocrx_word' id='word_1_25' title='bbox 1510 659 1712 706; x_wconf 82' lang='lat' dir='ltr'>quantum</span> 
     </span>
     <span class='ocr_line' id='line_1_7' title="bbox 342 727 1712 786; baseline -0.005 -10"><span class='ocrx_word' id='word_1_26' title='bbox 342 735 507 785; x_wconf 80' lang='lat' dir='ltr'>scimus,</span> <span class='ocrx_word' id='word_1_27' title='bbox 539 734 762 786; x_wconf 81' lang='lat' dir='ltr'>allegoriae</span> <span class='ocrx_word' id='word_1_28' title='bbox 785 734 1014 785; x_wconf 78' lang='lat' dir='ltr'>exemplum</span> <span class='ocrx_word' id='word_1_29' title='bbox 1037 737 1102 775; x_wconf 85' lang='lat' dir='ltr'>est</span> <span class='ocrx_word' id='word_1_30' title='bbox 1122 732 1292 785; x_wconf 76' lang='lat' dir='ltr'>Lysippi</span> <span class='ocrx_word' id='word_1_31' title='bbox 1314 727 1536 782; x_wconf 61' lang='lat' dir='ltr'>Ka09691).</span> <span class='ocrx_word' id='word_1_32' title='bbox 1584 729 1712 770; x_wconf 81' lang='lat' dir='ltr'>Occa-</span> 
     </span>
     <span class='ocr_line' id='line_1_8' title="bbox 341 803 1712 860; baseline -0.003 -12"><span class='ocrx_word' id='word_1_33' title='bbox 341 808 500 849; x_wconf 91' lang='lat' dir='ltr'>sionem</span> <span class='ocrx_word' id='word_1_34' title='bbox 522 808 729 860; x_wconf 81' lang='lat' dir='ltr'>Lysippus</span> <span class='ocrx_word' id='word_1_35' title='bbox 749 806 867 848; x_wconf 80' lang='lat' dir='ltr'>finxit</span> <span class='ocrx_word' id='word_1_36' title='bbox 888 806 1025 848; x_wconf 83' lang='lat' dir='ltr'>fronte</span> <span class='ocrx_word' id='word_1_37' title='bbox 1045 806 1294 858; x_wconf 81' lang='lat' dir='ltr'>capillatam,</span> <span class='ocrx_word' id='word_1_38' title='bbox 1315 805 1543 857; x_wconf 86' lang='lat' dir='ltr'>posteriore</span> <span class='ocrx_word' id='word_1_39' title='bbox 1565 803 1712 856; x_wconf 85' lang='lat' dir='ltr'>capitis</span> 
     </span>
     <span class='ocr_line' id='line_1_9' title="bbox 342 877 1712 934; baseline -0.004 -12"><span class='ocrx_word' id='word_1_40' title='bbox 342 886 463 934; x_wconf 83' lang='lat' dir='ltr'>parte</span> <span class='ocrx_word' id='word_1_41' title='bbox 494 893 627 933; x_wconf 87' lang='lat' dir='ltr'>paene</span> <span class='ocrx_word' id='word_1_42' title='bbox 656 883 826 933; x_wconf 82' lang='lat' dir='ltr'>calvam,</span> <span class='ocrx_word' id='word_1_43' title='bbox 859 881 1050 922; x_wconf 87' lang='lat' dir='ltr'>manibus</span> <span class='ocrx_word' id='word_1_44' title='bbox 1081 884 1290 921; x_wconf 84' lang='lat' dir='ltr'>tenentem</span> <span class='ocrx_word' id='word_1_45' title='bbox 1323 879 1523 920; x_wconf 82' lang='lat' dir='ltr'>trutinam</span> <span class='ocrx_word' id='word_1_46' title='bbox 1555 882 1596 918; x_wconf 87' lang='lat' dir='ltr'>et</span> <span class='ocrx_word' id='word_1_47' title='bbox 1627 877 1712 918; x_wconf 90' lang='lat' dir='ltr'>cul-</span> 
     </span>
     <span class='ocr_line' id='line_1_10' title="bbox 343 949 1713 1007; baseline -0.004 -11"><span class='ocrx_word' id='word_1_48' title='bbox 343 959 455 996; x_wconf 86' lang='lat' dir='ltr'>trum</span> <span class='ocrx_word' id='word_1_49' title='bbox 487 956 740 1007; x_wconf 73' lang='lat' dir='ltr'>tonsorium,</span> <span class='ocrx_word' id='word_1_50' title='bbox 781 955 955 1007; x_wconf 90' lang='lat' dir='ltr'>pedibus</span> <span class='ocrx_word' id='word_1_51' title='bbox 986 955 1029 995; x_wconf 92' lang='lat' dir='ltr'>in</span> <span class='ocrx_word' id='word_1_52' title='bbox 1065 955 1187 1006; x_wconf 84' lang='lat' dir='ltr'>globo</span> <span class='ocrx_word' id='word_1_53' title='bbox 1219 956 1410 995; x_wconf 82' lang='lat' dir='ltr'>stantem.</span> <span class='ocrx_word' id='word_1_54' title='bbox 1473 952 1580 993; x_wconf 89' lang='lat' dir='ltr'>Ecce</span> <span class='ocrx_word' id='word_1_55' title='bbox 1611 949 1713 991; x_wconf 89' lang='lat' dir='ltr'>illud</span> 
     </span>
     <span class='ocr_line' id='line_1_11' title="bbox 340 1025 1712 1081; baseline -0.004 -11"><span class='ocrx_word' id='word_1_56' title='bbox 340 1030 585 1071; x_wconf 82' lang='lat' dir='ltr'>mobilitatis</span> <span class='ocrx_word' id='word_1_57' title='bbox 626 1030 792 1081; x_wconf 83' lang='lat' dir='ltr'>signum</span> <span class='ocrx_word' id='word_1_58' title='bbox 832 1029 1054 1070; x_wconf 83' lang='lat' dir='ltr'>sescenties</span> <span class='ocrx_word' id='word_1_59' title='bbox 1091 1032 1237 1079; x_wconf 86' lang='lat' dir='ltr'>postea</span> <span class='ocrx_word' id='word_1_60' title='bbox 1266 1028 1478 1069; x_wconf 80' lang='lat' dir='ltr'>Fortunae</span> <span class='ocrx_word' id='word_1_61' title='bbox 1508 1025 1712 1066; x_wconf 85' lang='lat' dir='ltr'>tributum</span> 
     </span>
     <span class='ocr_line' id='line_1_12' title="bbox 341 1099 1713 1155; baseline -0.004 -12"><span class='ocrx_word' id='word_1_62' title='bbox 341 1102 410 1155; x_wconf 83' lang='lat' dir='ltr'>(cf.</span> <span class='ocrx_word' id='word_1_63' title='bbox 442 1103 542 1144; x_wconf 78' lang='lat' dir='ltr'>Tab.</span> <span class='ocrx_word' id='word_1_64' title='bbox 576 1115 609 1144; x_wconf 90' lang='lat' dir='ltr'>c.</span> <span class='ocrx_word' id='word_1_65' title='bbox 634 1102 689 1155; x_wconf 90' lang='lat'>7).</span> <span class='ocrx_word' id='word_1_66' title='bbox 737 1103 892 1144; x_wconf 88' lang='lat' dir='ltr'>Eadem</span> <span class='ocrx_word' id='word_1_67' title='bbox 914 1102 1138 1143; x_wconf 79' lang='lat' dir='ltr'>Alexandri</span> <span class='ocrx_word' id='word_1_68' title='bbox 1169 1101 1314 1152; x_wconf 79' lang='lat' dir='ltr'>Magni</span> <span class='ocrx_word' id='word_1_69' title='bbox 1345 1103 1485 1141; x_wconf 82' lang='lat' dir='ltr'>aetate</span> <span class='ocrx_word' id='word_1_70' title='bbox 1516 1099 1609 1150; x_wconf 84' lang='lat' dir='ltr'>fuit,</span> <span class='ocrx_word' id='word_1_71' title='bbox 1641 1099 1713 1152; x_wconf 85' lang='lat' dir='ltr'>qui</span> 
     </span>
     <span class='ocr_line' id='line_1_13' title="bbox 339 1173 1711 1229; baseline -0.004 -10"><span class='ocrx_word' id='word_1_72' title='bbox 339 1190 389 1219; x_wconf 85' lang='lat' dir='ltr'>ex</span> <span class='ocrx_word' id='word_1_73' title='bbox 409 1178 638 1229; x_wconf 88' lang='lat' dir='ltr'>pictoribus</span> <span class='ocrx_word' id='word_1_74' title='bbox 658 1178 815 1229; x_wconf 88' lang='lat' dir='ltr'>primus</span> <span class='ocrx_word' id='word_1_75' title='bbox 837 1177 1059 1228; x_wconf 84' lang='lat' dir='ltr'>allegorica</span> <span class='ocrx_word' id='word_1_76' title='bbox 1081 1177 1244 1218; x_wconf 88' lang='lat' dir='ltr'>ratione</span> <span class='ocrx_word' id='word_1_77' title='bbox 1266 1188 1365 1217; x_wconf 92' lang='lat' dir='ltr'>usus</span> <span class='ocrx_word' id='word_1_78' title='bbox 1388 1179 1464 1226; x_wconf 81' lang='lat' dir='ltr'>est,</span> <span class='ocrx_word' id='word_1_79' title='bbox 1487 1174 1653 1226; x_wconf 92' lang='lat' dir='ltr'>Apelles</span> <span class='ocrx_word' id='word_1_80' title='bbox 1665 1173 1711 1224; x_wconf 84' lang='lat'>²).</span> 
     </span>
     <span class='ocr_line' id='line_1_14' title="bbox 341 1247 1709 1303; baseline -0.004 -10"><span class='ocrx_word' id='word_1_81' title='bbox 341 1251 468 1293; x_wconf 90' lang='lat' dir='ltr'>Cuius</span> <span class='ocrx_word' id='word_1_82' title='bbox 498 1252 542 1292; x_wconf 93' lang='lat' dir='ltr'>in</span> <span class='ocrx_word' id='word_1_83' title='bbox 572 1252 734 1303; x_wconf 85' lang='lat' dir='ltr'>pictura</span> <span class='ocrx_word' id='word_1_84' title='bbox 765 1251 1007 1293; x_wconf 83' lang='lat' dir='ltr'>Calumniae</span> <span class='ocrx_word' id='word_1_85' title='bbox 1038 1251 1152 1302; x_wconf 90' lang='lat' dir='ltr'>(Luc.</span> <span class='ocrx_word' id='word_1_86' title='bbox 1187 1251 1236 1291; x_wconf 90' lang='lat' dir='ltr'>de</span> <span class='ocrx_word' id='word_1_87' title='bbox 1268 1250 1342 1291; x_wconf 80' lang='lat' dir='ltr'>cal.</span> <span class='ocrx_word' id='word_1_88' title='bbox 1375 1262 1459 1291; x_wconf 91' lang='lat' dir='ltr'>non</span> <span class='ocrx_word' id='word_1_89' title='bbox 1484 1254 1580 1290; x_wconf 87' lang='lat' dir='ltr'>tem.</span> <span class='ocrx_word' id='word_1_90' title='bbox 1604 1247 1709 1289; x_wconf 89' lang='lat' dir='ltr'>cred.</span> 
     </span>
     <span class='ocr_line' id='line_1_15' title="bbox 340 1323 1712 1378; baseline -0.003 -11"><span class='ocrx_word' id='word_1_91' title='bbox 340 1338 371 1367; x_wconf 92' lang='lat' dir='ltr'>c.</span> <span class='ocrx_word' id='word_1_92' title='bbox 413 1330 435 1366; x_wconf 80' lang='lat'>5</span> <span class='ocrx_word' id='word_1_93' title='bbox 480 1339 519 1378; x_wconf 92' lang='lat' dir='ltr'>p.</span> <span class='ocrx_word' id='word_1_94' title='bbox 565 1329 642 1367; x_wconf 84' lang='lat'>155</span> <span class='ocrx_word' id='word_1_95' title='bbox 686 1326 792 1377; x_wconf 83' lang='lat' dir='ltr'>Jac.)</span> <span class='ocrx_word' id='word_1_96' title='bbox 845 1326 1071 1367; x_wconf 84' lang='lat' dir='ltr'>obveniunt</span> <span class='ocrx_word' id='word_1_97' title='bbox 1126 1325 1305 1365; x_wconf 88' lang='lat' dir='ltr'>humana</span> <span class='ocrx_word' id='word_1_98' title='bbox 1357 1324 1491 1376; x_wconf 90' lang='lat' dir='ltr'>specie</span> <span class='ocrx_word' id='word_1_99' title='bbox 1541 1323 1712 1364; x_wconf 80' lang='lat' dir='ltr'>indutae</span> 
     </span>
     <span class='ocr_line' id='line_1_16' title="bbox 341 1393 1712 1454; baseline -0.002 -13"><span class='ocrx_word' id='word_1_100' title='bbox 341 1397 555 1454; x_wconf 75' lang='grc' dir='ltr'><em>Διαβολή,</em></span> <span class='ocrx_word' id='word_1_101' title='bbox 575 1397 758 1454; x_wconf 74' lang='grc' dir='ltr'>’Ἁγνοια</span> <span class='ocrx_word' id='word_1_102' title='bbox 791 1400 859 1452; x_wconf 85' lang='lat' dir='ltr'>(cf.</span> <span class='ocrx_word' id='word_1_103' title='bbox 891 1401 992 1441; x_wconf 80' lang='lat' dir='ltr'>Tab.</span> <span class='ocrx_word' id='word_1_104' title='bbox 1017 1399 1147 1452; x_wconf 80' lang='lat'>27,4),</span> <span class='ocrx_word' id='word_1_105' title='bbox 1174 1394 1435 1450; x_wconf 61' lang='grc' dir='ltr'>εΤπόληψις,</span> <span class='ocrx_word' id='word_1_106' title='bbox 1464 1393 1712 1451; x_wconf 81' lang='grc' dir='ltr'><em>Ἐπιβουλή,</em></span> 
     </span>
     <span class='ocr_line' id='line_1_17' title="bbox 337 1470 1709 1528; baseline -0.004 -11"><span class='ocrx_word' id='word_1_107' title='bbox 337 1471 495 1527; x_wconf 79' lang='grc' dir='ltr'><em>Ἀπάτη</em></span> <span class='ocrx_word' id='word_1_108' title='bbox 508 1477 540 1527; x_wconf 81' lang='lat'>3)</span> <span class='ocrx_word' id='word_1_109' title='bbox 574 1475 642 1528; x_wconf 84' lang='lat' dir='ltr'>(Cf.</span> <span class='ocrx_word' id='word_1_110' title='bbox 683 1476 784 1517; x_wconf 78' lang='lat' dir='ltr'>Tab.</span> <span class='ocrx_word' id='word_1_111' title='bbox 819 1480 861 1527; x_wconf 88' lang='lat'>5,</span> <span class='ocrx_word' id='word_1_112' title='bbox 895 1475 1097 1527; x_wconf 80' lang='lat' dir='ltr'>saepius),</span> <span class='ocrx_word' id='word_1_113' title='bbox 1146 1471 1344 1525; x_wconf 74' lang='grc' dir='ltr'>Φθόνος,</span> <span class='ocrx_word' id='word_1_114' title='bbox 1381 1470 1611 1514; x_wconf 60' lang='grc' dir='ltr'><em>[Μετάνοια</em></span> <span class='ocrx_word' id='word_1_115' title='bbox 1642 1471 1709 1523; x_wconf 83' lang='lat' dir='ltr'>(cf.</span> 
     </span>
     <span class='ocr_line' id='line_1_18' title="bbox 340 1545 1712 1603; baseline -0.001 -13"><span class='ocrx_word' id='word_1_116' title='bbox 340 1550 439 1591; x_wconf 89' lang='lat' dir='ltr'>Tab.</span> <span class='ocrx_word' id='word_1_117' title='bbox 467 1552 594 1601; x_wconf 87' lang='lat'>10‚3)‚</span> <span class='ocrx_word' id='word_1_118' title='bbox 613 1545 815 1603; x_wconf 81' lang='grc' dir='ltr'><em>Ἀλήθεια</em></span> <span class='ocrx_word' id='word_1_119' title='bbox 847 1550 915 1601; x_wconf 88' lang='lat' dir='ltr'>(cf.</span> <span class='ocrx_word' id='word_1_120' title='bbox 938 1550 1037 1591; x_wconf 85' lang='lat' dir='ltr'>Tab.</span> <span class='ocrx_word' id='word_1_121' title='bbox 1065 1550 1191 1601; x_wconf 83' lang='lat'>18,2),</span> <span class='ocrx_word' id='word_1_122' title='bbox 1225 1561 1324 1590; x_wconf 85' lang='lat' dir='ltr'>suae</span> <span class='ocrx_word' id='word_1_123' title='bbox 1343 1560 1531 1600; x_wconf 87' lang='lat' dir='ltr'>quaeque</span> <span class='ocrx_word' id='word_1_124' title='bbox 1562 1547 1712 1588; x_wconf 89' lang='lat' dir='ltr'>indolis</span> 
     </span>
     <span class='ocr_line' id='line_1_19' title="bbox 340 1622 1711 1676; baseline -0.001 -11"><span class='ocrx_word' id='word_1_125' title='bbox 340 1636 387 1665; x_wconf 86' lang='lat' dir='ltr'>ac</span> <span class='ocrx_word' id='word_1_126' title='bbox 418 1628 591 1665; x_wconf 84' lang='lat' dir='ltr'>naturae</span> <span class='ocrx_word' id='word_1_127' title='bbox 622 1625 754 1676; x_wconf 83' lang='lat' dir='ltr'>signis</span> <span class='ocrx_word' id='word_1_128' title='bbox 785 1625 1004 1676; x_wconf 85' lang='lat' dir='ltr'>instructa,</span> <span class='ocrx_word' id='word_1_129' title='bbox 1035 1625 1149 1665; x_wconf 87' lang='lat' dir='ltr'>velut</span> <span class='ocrx_word' id='word_1_130' title='bbox 1179 1624 1268 1675; x_wconf 83' lang='lat' dir='ltr'>ipsa</span> <span class='ocrx_word' id='word_1_131' title='bbox 1299 1622 1516 1664; x_wconf 86' lang='lat' dir='ltr'>Calumnia</span> <span class='ocrx_word' id='word_1_132' title='bbox 1546 1623 1711 1664; x_wconf 86' lang='lat' dir='ltr'>iracun-</span> 
     </span>
    </p>
   </div>
   <div class='ocr_carea' id='block_1_6' title="bbox 342 1699 570 1704">
    <p class='ocr_par' dir='ltr' id='par_1_6' title="bbox 342 1699 570 1704">
     <span class='ocr_line' id='line_1_20' title="bbox 342 1699 570 1704; baseline 0 0"><span class='ocrx_word' id='word_1_133' title='bbox 342 1699 570 1704; x_wconf 95' lang='lat' dir='ltr'> </span> 
     </span>
    </p>
   </div>
   <div class='ocr_carea' id='block_1_7' title="bbox 337 1722 1714 2740">
    <p class='ocr_par' dir='ltr' id='par_1_7' title="bbox 339 1722 1714 1941">
     <span class='ocr_line' id='line_1_21' title="bbox 461 1722 1713 1769; baseline -0.003 -9"><span class='ocrx_word' id='word_1_134' title='bbox 461 1726 486 1768; x_wconf 89' lang='grc'>1)</span> <span class='ocrx_word' id='word_1_135' title='bbox 513 1726 603 1769; x_wconf 80' lang='lat' dir='ltr'>Quid</span> <span class='ocrx_word' id='word_1_136' title='bbox 628 1726 768 1760; x_wconf 86' lang='lat' dir='ltr'>intersit</span> <span class='ocrx_word' id='word_1_137' title='bbox 785 1726 875 1759; x_wconf 80' lang='lat' dir='ltr'>inter</span> <span class='ocrx_word' id='word_1_138' title='bbox 892 1726 983 1760; x_wconf 86' lang='lat' dir='ltr'>hanc</span> <span class='ocrx_word' id='word_1_139' title='bbox 1000 1724 1202 1759; x_wconf 86' lang='lat' dir='ltr'>Occasionis</span> <span class='ocrx_word' id='word_1_140' title='bbox 1220 1728 1370 1758; x_wconf 85' lang='lat' dir='ltr'>statuam</span> <span class='ocrx_word' id='word_1_141' title='bbox 1387 1727 1422 1757; x_wconf 85' lang='lat' dir='ltr'>et</span> <span class='ocrx_word' id='word_1_142' title='bbox 1438 1723 1569 1766; x_wconf 87' lang='lat' dir='ltr'>prioris</span> <span class='ocrx_word' id='word_1_143' title='bbox 1586 1722 1713 1756; x_wconf 82' lang='lat' dir='ltr'>aetatis</span> 
     </span>
     <span class='ocr_line' id='line_1_22' title="bbox 341 1779 1713 1827; baseline -0.004 -10"><span class='ocrx_word' id='word_1_144' title='bbox 341 1784 638 1827; x_wconf 88' lang='lat' dir='ltr'>prosopopoeias,</span> <span class='ocrx_word' id='word_1_145' title='bbox 664 1783 791 1827; x_wconf 83' lang='lat' dir='ltr'>quibus</span> <span class='ocrx_word' id='word_1_146' title='bbox 815 1793 940 1817; x_wconf 84' lang='lat' dir='ltr'>nomen</span> <span class='ocrx_word' id='word_1_147' title='bbox 965 1783 1154 1825; x_wconf 85' lang='lat' dir='ltr'>allegoriae</span> <span class='ocrx_word' id='word_1_148' title='bbox 1178 1792 1249 1816; x_wconf 91' lang='lat' dir='ltr'>non</span> <span class='ocrx_word' id='word_1_149' title='bbox 1274 1781 1421 1815; x_wconf 84' lang='lat' dir='ltr'>debetur</span> <span class='ocrx_word' id='word_1_150' title='bbox 1448 1780 1554 1821; x_wconf 85' lang='lat' dir='ltr'>(velut</span> <span class='ocrx_word' id='word_1_151' title='bbox 1577 1779 1713 1813; x_wconf 85' lang='lat' dir='ltr'>Aristo-</span> 
     </span>
     <span class='ocr_line' id='line_1_23' title="bbox 339 1837 1714 1884; baseline -0.004 -10"><span class='ocrx_word' id='word_1_152' title='bbox 339 1841 490 1884; x_wconf 69' lang='lat' dir='ltr'>phonfis,</span> <span class='ocrx_word' id='word_1_153' title='bbox 517 1842 577 1884; x_wconf 87' lang='lat' dir='ltr'>qni</span> <span class='ocrx_word' id='word_1_154' title='bbox 600 1840 670 1874; x_wconf 84' lang='lat' dir='ltr'>fuit</span> <span class='ocrx_word' id='word_1_155' title='bbox 694 1840 802 1884; x_wconf 82' lang='lat' dir='ltr'>paulo</span> <span class='ocrx_word' id='word_1_156' title='bbox 820 1848 900 1883; x_wconf 85' lang='lat' dir='ltr'>post</span> <span class='ocrx_word' id='word_1_157' title='bbox 917 1840 1012 1874; x_wconf 81' lang='lat' dir='ltr'>bella</span> <span class='ocrx_word' id='word_1_158' title='bbox 1029 1840 1226 1883; x_wconf 86' lang='lat' dir='ltr'>Persarum,</span> <span class='ocrx_word' id='word_1_159' title='bbox 1253 1839 1523 1880; x_wconf 82' lang='lat' dir='ltr'>Credulitatem3</span> <span class='ocrx_word' id='word_1_160' title='bbox 1550 1837 1638 1871; x_wconf 86' lang='lat' dir='ltr'>Plin.</span> <span class='ocrx_word' id='word_1_161' title='bbox 1658 1837 1714 1879; x_wconf 85' lang='lat'>35,</span> 
     </span>
     <span class='ocr_line' id='line_1_24' title="bbox 342 1896 1504 1941; baseline -0.002 -10"><span class='ocrx_word' id='word_1_162' title='bbox 342 1900 420 1941; x_wconf 81' lang='lat'>138)</span> <span class='ocrx_word' id='word_1_163' title='bbox 446 1898 626 1931; x_wconf 91' lang='lat' dir='ltr'>Brunnius</span> <span class='ocrx_word' id='word_1_164' title='bbox 652 1897 796 1940; x_wconf 84' lang='lat' dir='ltr'>exponit</span> <span class='ocrx_word' id='word_1_165' title='bbox 822 1897 1043 1940; x_wconf 83' lang='lat' dir='ltr'>(Geschichte</span> <span class='ocrx_word' id='word_1_166' title='bbox 1069 1897 1130 1930; x_wconf 88' lang='lat' dir='ltr'>der</span> <span class='ocrx_word' id='word_1_167' title='bbox 1155 1907 1204 1939; x_wconf 84' lang='lat' dir='ltr'>gr.</span> <span class='ocrx_word' id='word_1_168' title='bbox 1230 1896 1347 1930; x_wconf 85' lang='lat' dir='ltr'>Kunst</span> <span class='ocrx_word' id='word_1_169' title='bbox 1371 1896 1388 1929; x_wconf 94' lang='grc' dir='ltr'>Ι</span> <span class='ocrx_word' id='word_1_170' title='bbox 1413 1896 1504 1938; x_wconf 84' lang='grc'>366).</span> 
     </span>
    </p>

    <p class='ocr_par' dir='ltr' id='par_1_8' title="bbox 337 1951 1712 2683">
     <span class='ocr_line' id='line_1_25' title="bbox 455 1951 1711 1997; baseline -0.002 -10"><span class='ocrx_word' id='word_1_171' title='bbox 455 1953 481 1997; x_wconf 81' lang='lat'>2)</span> <span class='ocrx_word' id='word_1_172' title='bbox 507 1954 561 1987; x_wconf 92' lang='lat' dir='ltr'>De</span> <span class='ocrx_word' id='word_1_173' title='bbox 585 1954 652 1987; x_wconf 86' lang='lat' dir='ltr'>hac</span> <span class='ocrx_word' id='word_1_174' title='bbox 676 1953 811 1996; x_wconf 89' lang='lat' dir='ltr'>Apellis</span> <span class='ocrx_word' id='word_1_175' title='bbox 835 1958 869 1987; x_wconf 84' lang='lat' dir='ltr'>et</span> <span class='ocrx_word' id='word_1_176' title='bbox 894 1953 1041 1997; x_wconf 85' lang='lat' dir='ltr'>Lysippi</span> <span class='ocrx_word' id='word_1_177' title='bbox 1067 1953 1298 1987; x_wconf 88' lang='lat' dir='ltr'>consensione</span> <span class='ocrx_word' id='word_1_178' title='bbox 1328 1957 1363 1986; x_wconf 89' lang='lat' dir='ltr'>et</span> <span class='ocrx_word' id='word_1_179' title='bbox 1394 1952 1436 1986; x_wconf 89' lang='lat' dir='ltr'>de</span> <span class='ocrx_word' id='word_1_180' title='bbox 1461 1951 1556 1986; x_wconf 91' lang='lat' dir='ltr'>illius</span> <span class='ocrx_word' id='word_1_181' title='bbox 1583 1951 1711 1985; x_wconf 78' lang='lat' dir='ltr'>aetatis</span> 
     </span>
     <span class='ocr_line' id='line_1_26' title="bbox 339 2009 1712 2054; baseline -0.002 -9"><span class='ocrx_word' id='word_1_182' title='bbox 339 2011 516 2054; x_wconf 83' lang='lat' dir='ltr'>cogitandi</span> <span class='ocrx_word' id='word_1_183' title='bbox 542 2015 577 2045; x_wconf 84' lang='lat' dir='ltr'>et</span> <span class='ocrx_word' id='word_1_184' title='bbox 601 2010 773 2045; x_wconf 79' lang='lat' dir='ltr'>sentiendi</span> <span class='ocrx_word' id='word_1_185' title='bbox 803 2011 939 2045; x_wconf 84' lang='lat' dir='ltr'>ratione</span> <span class='ocrx_word' id='word_1_186' title='bbox 964 2021 985 2045; x_wconf 88' lang='lat' dir='ltr'>a</span> <span class='ocrx_word' id='word_1_187' title='bbox 1009 2010 1186 2054; x_wconf 85' lang='lat' dir='ltr'>prioribus</span> <span class='ocrx_word' id='word_1_188' title='bbox 1210 2009 1427 2053; x_wconf 83' lang='lat' dir='ltr'>temporibus</span> <span class='ocrx_word' id='word_1_189' title='bbox 1452 2009 1607 2051; x_wconf 87' lang='lat' dir='ltr'>diversa,</span> <span class='ocrx_word' id='word_1_190' title='bbox 1642 2018 1712 2051; x_wconf 80' lang='lat' dir='ltr'>qua</span> 
     </span>
     <span class='ocr_line' id='line_1_27' title="bbox 339 2065 1712 2110; baseline -0.003 -8"><span class='ocrx_word' id='word_1_191' title='bbox 339 2067 493 2102; x_wconf 82' lang='lat' dir='ltr'>artifices</span> <span class='ocrx_word' id='word_1_192' title='bbox 529 2071 569 2101; x_wconf 85' lang='lat' dir='ltr'>ut</span> <span class='ocrx_word' id='word_1_193' title='bbox 606 2067 792 2109; x_wconf 87' lang='lat' dir='ltr'>allegorias</span> <span class='ocrx_word' id='word_1_194' title='bbox 831 2071 1081 2110; x_wconf 85' lang='lat' dir='ltr'>componerent</span> <span class='ocrx_word' id='word_1_195' title='bbox 1118 2066 1259 2101; x_wconf 83' lang='lat' dir='ltr'>adducti</span> <span class='ocrx_word' id='word_1_196' title='bbox 1296 2071 1395 2109; x_wconf 85' lang='lat' dir='ltr'>sunt,</span> <span class='ocrx_word' id='word_1_197' title='bbox 1434 2065 1478 2099; x_wconf 90' lang='lat' dir='ltr'>cf.</span> <span class='ocrx_word' id='word_1_198' title='bbox 1513 2066 1645 2100; x_wconf 89' lang='lat' dir='ltr'>Brunn.</span> <span class='ocrx_word' id='word_1_199' title='bbox 1677 2065 1712 2098; x_wconf 93' lang='grc' dir='ltr'>Π</span> 
     </span>
     <span class='ocr_line' id='line_1_28' title="bbox 338 2122 1712 2169; baseline -0.002 -11"><span class='ocrx_word' id='word_1_200' title='bbox 338 2127 405 2159; x_wconf 87' lang='grc'>216</span> <span class='ocrx_word' id='word_1_201' title='bbox 419 2135 469 2169; x_wconf 87' lang='lat' dir='ltr'>sq.</span> <span class='ocrx_word' id='word_1_202' title='bbox 518 2124 646 2158; x_wconf 79' lang='lat' dir='ltr'>Similis</span> <span class='ocrx_word' id='word_1_203' title='bbox 669 2124 865 2158; x_wconf 86' lang='lat' dir='ltr'>immutatio</span> <span class='ocrx_word' id='word_1_204' title='bbox 897 2125 933 2158; x_wconf 90' lang='lat' dir='ltr'>in</span> <span class='ocrx_word' id='word_1_205' title='bbox 967 2124 1112 2158; x_wconf 89' lang='lat' dir='ltr'>deorum</span> <span class='ocrx_word' id='word_1_206' title='bbox 1135 2123 1346 2165; x_wconf 85' lang='lat' dir='ltr'>imaginibus</span> <span class='ocrx_word' id='word_1_207' title='bbox 1371 2128 1533 2166; x_wconf 81' lang='lat' dir='ltr'>apparet,</span> <span class='ocrx_word' id='word_1_208' title='bbox 1567 2122 1608 2156; x_wconf 89' lang='lat' dir='ltr'>de</span> <span class='ocrx_word' id='word_1_209' title='bbox 1643 2133 1712 2165; x_wconf 88' lang='lat' dir='ltr'>qua</span> 
     </span>
     <span class='ocr_line' id='line_1_29' title="bbox 338 2180 1711 2225; baseline -0.003 -9"><span class='ocrx_word' id='word_1_210' title='bbox 338 2182 533 2216; x_wconf 90' lang='lat' dir='ltr'>Brunnius:</span> <span class='ocrx_word' id='word_1_211' title='bbox 576 2181 659 2215; x_wconf 84' lang='lat' dir='ltr'>Man</span> <span class='ocrx_word' id='word_1_212' title='bbox 676 2181 749 2224; x_wconf 86' lang='lat' dir='ltr'>fing</span> <span class='ocrx_word' id='word_1_213' title='bbox 767 2192 823 2225; x_wconf 86' lang='lat' dir='ltr'>an,</span> <span class='ocrx_word' id='word_1_214' title='bbox 842 2182 933 2217; x_wconf 89' lang='lat' dir='ltr'>diese</span> <span class='ocrx_word' id='word_1_215' title='bbox 951 2208 958 2215; x_wconf 95' lang='lat'>.</span> <span class='ocrx_word' id='word_1_216' title='bbox 975 2209 982 2216; x_wconf 86' lang='lat'><strong>.</strong></span> <span class='ocrx_word' id='word_1_217' title='bbox 998 2209 1005 2217; x_wconf 91' lang='lat'><strong>.</strong></span> <span class='ocrx_word' id='word_1_218' title='bbox 1032 2181 1346 2224; x_wconf 85' lang='lat' dir='ltr'>abgeschlossenen</span> <span class='ocrx_word' id='word_1_219' title='bbox 1364 2180 1432 2214; x_wconf 87' lang='lat' dir='ltr'>und</span> <span class='ocrx_word' id='word_1_220' title='bbox 1451 2180 1711 2223; x_wconf 85' lang='lat' dir='ltr'>abgerundeten</span> 
     </span>
     <span class='ocr_line' id='line_1_30' title="bbox 339 2236 1711 2281; baseline -0.003 -8"><span class='ocrx_word' id='word_1_221' title='bbox 339 2239 594 2281; x_wconf 83' lang='lat' dir='ltr'>Gestaltungen</span> <span class='ocrx_word' id='word_1_222' title='bbox 628 2238 719 2272; x_wconf 86' lang='lat' dir='ltr'>nach</span> <span class='ocrx_word' id='word_1_223' title='bbox 744 2238 926 2281; x_wconf 86' lang='lat' dir='ltr'>Begriffen</span> <span class='ocrx_word' id='word_1_224' title='bbox 960 2238 1044 2272; x_wconf 90' lang='lat' dir='ltr'>oder</span> <span class='ocrx_word' id='word_1_225' title='bbox 1079 2238 1146 2272; x_wconf 91' lang='lat' dir='ltr'>den</span> <span class='ocrx_word' id='word_1_226' title='bbox 1171 2237 1377 2270; x_wconf 84' lang='lat' dir='ltr'>Attributen</span> <span class='ocrx_word' id='word_1_227' title='bbox 1401 2237 1497 2270; x_wconf 90' lang='lat' dir='ltr'>ihrer</span> <span class='ocrx_word' id='word_1_228' title='bbox 1521 2236 1643 2270; x_wconf 86' lang='lat' dir='ltr'>Macht</span> <span class='ocrx_word' id='word_1_229' title='bbox 1667 2246 1711 2269; x_wconf 90' lang='lat' dir='ltr'>zu</span> 
     </span>
     <span class='ocr_line' id='line_1_31' title="bbox 338 2292 1710 2339; baseline -0.004 -9"><span class='ocrx_word' id='word_1_230' title='bbox 338 2296 535 2339; x_wconf 85' lang='lat' dir='ltr'>zerspalten</span> <span class='ocrx_word' id='word_1_231' title='bbox 562 2322 570 2328; x_wconf 91' lang='lat'>.</span> <span class='ocrx_word' id='word_1_232' title='bbox 590 2321 596 2327; x_wconf 96' lang='lat'>.</span> <span class='ocrx_word' id='word_1_233' title='bbox 615 2319 624 2329; x_wconf 82' lang='grc'><strong>.</strong></span> <span class='ocrx_word' id='word_1_234' title='bbox 651 2295 725 2338; x_wconf 88' lang='lat' dir='ltr'>(Es)</span> <span class='ocrx_word' id='word_1_235' title='bbox 750 2294 892 2329; x_wconf 81' lang='lat' dir='ltr'>konnen</span> <span class='ocrx_word' id='word_1_236' title='bbox 916 2295 1034 2329; x_wconf 83' lang='lat' dir='ltr'>solohe</span> <span class='ocrx_word' id='word_1_237' title='bbox 1058 2293 1391 2329; x_wconf 85' lang='lat' dir='ltr'>Personificationen</span> <span class='ocrx_word' id='word_1_238' title='bbox 1418 2293 1530 2328; x_wconf 84' lang='lat' dir='ltr'>durch</span> <span class='ocrx_word' id='word_1_239' title='bbox 1554 2292 1608 2326; x_wconf 90' lang='lat' dir='ltr'>die</span> <span class='ocrx_word' id='word_1_240' title='bbox 1633 2293 1710 2336; x_wconf 81' lang='lat' dir='ltr'>Art,</span> 
     </span>
     <span class='ocr_line' id='line_1_32' title="bbox 337 2349 1709 2394; baseline -0.003 -7"><span class='ocrx_word' id='word_1_241' title='bbox 337 2354 402 2387; x_wconf 85' lang='lat' dir='ltr'>wie</span> <span class='ocrx_word' id='word_1_242' title='bbox 427 2353 474 2387; x_wconf 89' lang='lat' dir='ltr'>sie</span> <span class='ocrx_word' id='word_1_243' title='bbox 499 2352 610 2387; x_wconf 86' lang='lat' dir='ltr'>durch</span> <span class='ocrx_word' id='word_1_244' title='bbox 636 2355 777 2386; x_wconf 74' lang='lat' dir='ltr'>aussere</span> <span class='ocrx_word' id='word_1_245' title='bbox 802 2352 954 2386; x_wconf 86' lang='lat' dir='ltr'>Zeichen</span> <span class='ocrx_word' id='word_1_246' title='bbox 979 2352 1055 2385; x_wconf 91' lang='lat' dir='ltr'>ihre</span> <span class='ocrx_word' id='word_1_247' title='bbox 1080 2351 1290 2394; x_wconf 85' lang='lat' dir='ltr'>Bedeutung</span> <span class='ocrx_word' id='word_1_248' title='bbox 1322 2362 1366 2384; x_wconf 91' lang='lat' dir='ltr'>zu</span> <span class='ocrx_word' id='word_1_249' title='bbox 1397 2351 1574 2384; x_wconf 83' lang='lat' dir='ltr'>erkennen</span> <span class='ocrx_word' id='word_1_250' title='bbox 1599 2349 1709 2393; x_wconf 86' lang='lat' dir='ltr'>geben</span> 
     </span>
     <span class='ocr_line' id='line_1_33' title="bbox 338 2406 1711 2454; baseline -0.004 -9"><span class='ocrx_word' id='word_1_251' title='bbox 338 2410 462 2454; x_wconf 88' lang='lat' dir='ltr'>sollen,</span> <span class='ocrx_word' id='word_1_252' title='bbox 487 2410 542 2444; x_wconf 88' lang='lat' dir='ltr'>die</span> <span class='ocrx_word' id='word_1_253' title='bbox 568 2408 818 2444; x_wconf 82' lang='lat' dir='ltr'>refiektirende</span> <span class='ocrx_word' id='word_1_254' title='bbox 845 2409 1052 2452; x_wconf 78' lang='lat' dir='ltr'>Thatigkeit</span> <span class='ocrx_word' id='word_1_255' title='bbox 1077 2409 1138 2443; x_wconf 88' lang='lat' dir='ltr'>des</span> <span class='ocrx_word' id='word_1_256' title='bbox 1157 2408 1293 2442; x_wconf 82' lang='lat' dir='ltr'>Geistes</span> <span class='ocrx_word' id='word_1_257' title='bbox 1317 2407 1368 2442; x_wconf 86' lang='lat' dir='ltr'>als</span> <span class='ocrx_word' id='word_1_258' title='bbox 1392 2407 1447 2441; x_wconf 88' lang='lat' dir='ltr'>die</span> <span class='ocrx_word' id='word_1_259' title='bbox 1465 2407 1589 2450; x_wconf 83' lang='lat' dir='ltr'>Quelle</span> <span class='ocrx_word' id='word_1_260' title='bbox 1613 2406 1711 2440; x_wconf 88' lang='lat' dir='ltr'>ihrer</span> 
     </span>
     <span class='ocr_line' id='line_1_34' title="bbox 338 2464 1709 2510; baseline -0.002 -10"><span class='ocrx_word' id='word_1_261' title='bbox 338 2467 562 2509; x_wconf 87' lang='lat' dir='ltr'>Entstehung</span> <span class='ocrx_word' id='word_1_262' title='bbox 584 2467 683 2501; x_wconf 85' lang='lat' dir='ltr'>nicht</span> <span class='ocrx_word' id='word_1_263' title='bbox 707 2467 931 2509; x_wconf 77' lang='lat' dir='ltr'>verleugnen.</span> <span class='ocrx_word' id='word_1_264' title='bbox 970 2467 1023 2501; x_wconf 90' lang='lat' dir='ltr'>De</span> <span class='ocrx_word' id='word_1_265' title='bbox 1040 2466 1179 2500; x_wconf 84' lang='lat' dir='ltr'>ratione</span> <span class='ocrx_word' id='word_1_266' title='bbox 1204 2466 1297 2499; x_wconf 86' lang='lat' dir='ltr'>inter</span> <span class='ocrx_word' id='word_1_267' title='bbox 1319 2464 1465 2510; x_wconf 83' lang='lat' dir='ltr'>Lysippi</span> <span class='ocrx_word' id='word_1_268' title='bbox 1482 2464 1709 2498; x_wconf 87' lang='lat' dir='ltr'>Occasionem</span> 
     </span>
     <span class='ocr_line' id='line_1_35' title="bbox 339 2520 1709 2567; baseline -0.002 -10"><span class='ocrx_word' id='word_1_269' title='bbox 339 2529 374 2558; x_wconf 88' lang='lat' dir='ltr'>et</span> <span class='ocrx_word' id='word_1_270' title='bbox 399 2523 536 2567; x_wconf 89' lang='lat' dir='ltr'>Apellis</span> <span class='ocrx_word' id='word_1_271' title='bbox 562 2522 779 2557; x_wconf 81' lang='lat' dir='ltr'>calumniam</span> <span class='ocrx_word' id='word_1_272' title='bbox 804 2523 1042 2558; x_wconf 79' lang='lat' dir='ltr'>intercedente</span> <span class='ocrx_word' id='word_1_273' title='bbox 1067 2522 1109 2557; x_wconf 85' lang='lat' dir='ltr'>cf.</span> <span class='ocrx_word' id='word_1_274' title='bbox 1135 2521 1280 2556; x_wconf 86' lang='lat' dir='ltr'>eundem</span> <span class='ocrx_word' id='word_1_275' title='bbox 1306 2521 1341 2554; x_wconf 93' lang='lat' dir='ltr'>II</span> <span class='ocrx_word' id='word_1_276' title='bbox 1366 2523 1501 2564; x_wconf 50' lang='lat' dir='ltr'>p.2215:</span> <span class='ocrx_word' id='word_1_277' title='bbox 1527 2521 1597 2564; x_wconf 87' lang='lat' dir='ltr'>(die</span> <span class='ocrx_word' id='word_1_278' title='bbox 1622 2520 1709 2554; x_wconf 86' lang='lat' dir='ltr'>Dar-</span> 
     </span>
     <span class='ocr_line' id='line_1_36' title="bbox 339 2578 1709 2624; baseline -0.001 -10"><span class='ocrx_word' id='word_1_279' title='bbox 339 2580 495 2623; x_wconf 86' lang='lat' dir='ltr'>stellung</span> <span class='ocrx_word' id='word_1_280' title='bbox 519 2580 581 2614; x_wconf 88' lang='lat' dir='ltr'>der</span> <span class='ocrx_word' id='word_1_281' title='bbox 607 2580 884 2624; x_wconf 85' lang='lat' dir='ltr'>Verleumdung)</span> <span class='ocrx_word' id='word_1_282' title='bbox 910 2581 954 2616; x_wconf 86' lang='lat' dir='ltr'>ist</span> <span class='ocrx_word' id='word_1_283' title='bbox 982 2581 1044 2615; x_wconf 88' lang='lat' dir='ltr'>das</span> <span class='ocrx_word' id='word_1_284' title='bbox 1069 2579 1275 2614; x_wconf 84' lang='lat' dir='ltr'>malerische</span> <span class='ocrx_word' id='word_1_285' title='bbox 1301 2579 1524 2613; x_wconf 79' lang='lat' dir='ltr'>Seitenstuck</span> <span class='ocrx_word' id='word_1_286' title='bbox 1556 2589 1601 2612; x_wconf 90' lang='lat' dir='ltr'>zu</span> <span class='ocrx_word' id='word_1_287' title='bbox 1631 2578 1709 2612; x_wconf 87' lang='lat' dir='ltr'>dem</span> 
     </span>
     <span class='ocr_line' id='line_1_37' title="bbox 338 2635 1538 2683; baseline -0.002 -12"><span class='ocrx_word' id='word_1_288' title='bbox 338 2638 552 2681; x_wconf 85' lang='lat' dir='ltr'>plastischen</span> <span class='ocrx_word' id='word_1_289' title='bbox 577 2638 706 2672; x_wconf 87' lang='lat' dir='ltr'>Kairos</span> <span class='ocrx_word' id='word_1_290' title='bbox 732 2638 792 2673; x_wconf 87' lang='lat' dir='ltr'>des</span> <span class='ocrx_word' id='word_1_291' title='bbox 816 2638 965 2683; x_wconf 86' lang='lat' dir='ltr'>Lysipp‚</span> <span class='ocrx_word' id='word_1_292' title='bbox 991 2639 1067 2673; x_wconf 90' lang='lat' dir='ltr'>eine</span> <span class='ocrx_word' id='word_1_293' title='bbox 1092 2636 1322 2679; x_wconf 78' lang='lat' dir='ltr'>vollstandige</span> <span class='ocrx_word' id='word_1_294' title='bbox 1348 2635 1538 2680; x_wconf 87' lang='lat' dir='ltr'>Allegorie.</span> 
     </span>
    </p>

    <p class='ocr_par' dir='ltr' id='par_1_9' title="bbox 454 2694 1538 2740">
     <span class='ocr_line' id='line_1_38' title="bbox 454 2694 1538 2740; baseline -0.003 -10"><span class='ocrx_word' id='word_1_295' title='bbox 454 2695 480 2739; x_wconf 83' lang='lat'>³)</span> <span class='ocrx_word' id='word_1_296' title='bbox 506 2695 551 2730; x_wconf 82' lang='lat' dir='ltr'>cf.</span> <span class='ocrx_word' id='word_1_297' title='bbox 576 2706 683 2740; x_wconf 86' lang='lat' dir='ltr'>supra</span> <span class='ocrx_word' id='word_1_298' title='bbox 707 2707 743 2740; x_wconf 92' lang='lat' dir='ltr'>p.</span> <span class='ocrx_word' id='word_1_299' title='bbox 767 2698 822 2730; x_wconf 86' lang='lat'>64.</span> <span class='ocrx_word' id='word_1_300' title='bbox 871 2696 1041 2739; x_wconf 88' lang='lat' dir='ltr'>(Schmidt</span> <span class='ocrx_word' id='word_1_301' title='bbox 1066 2695 1176 2729; x_wconf 87' lang='lat' dir='ltr'>Ethik</span> <span class='ocrx_word' id='word_1_302' title='bbox 1200 2695 1232 2728; x_wconf 87' lang='lat' dir='ltr'>d.</span> <span class='ocrx_word' id='word_1_303' title='bbox 1261 2695 1319 2728; x_wconf 88' lang='lat' dir='ltr'>Gr.</span> <span class='ocrx_word' id='word_1_304' title='bbox 1346 2695 1362 2728; x_wconf 97' lang='lat' dir='ltr'>I</span> <span class='ocrx_word' id='word_1_305' title='bbox 1386 2705 1420 2738; x_wconf 88' lang='lat' dir='ltr'>p.</span> <span class='ocrx_word' id='word_1_306' title='bbox 1447 2694 1538 2736; x_wconf 83' lang='lat'>251.)</span> 
     </span>
    </p>
   </div>
   <div class='ocr_carea' id='block_1_8' title="bbox 1886 1078 1888 1843">
    <p class='ocr_par' dir='ltr' id='par_1_10' title="bbox 1886 1078 1888 1843">
     <span class='ocr_line' id='line_1_39' title="bbox 1886 1078 1888 1843; baseline 0 0"><span class='ocrx_word' id='word_1_307' title='bbox 1886 1078 1888 1843; x_wconf 95' lang='lat' dir='ltr'> </span> 
     </span>
    </p>
   </div>
  </div>
 </body>
</html>
