<?xml version="1.0" encoding="UTF-8"?>
<!DOCTYPE html PUBLIC "-//W3C//DTD XHTML 1.0 Transitional//EN"
    "http://www.w3.org/TR/xhtml1/DTD/xhtml1-transitional.dtd">
<html xmlns="http://www.w3.org/1999/xhtml" xml:lang="en" lang="en">
 <head>
  <title>
</title>
<meta http-equiv="Content-Type" content="text/html;charset=utf-8" />
  <meta name='ocr-system' content='tesseract 3.04.00' />
  <meta name='ocr-capabilities' content='ocr_page ocr_carea ocr_par ocr_line ocrx_word'/>
</head>
<body>
  <div class='ocr_page' id='page_1' title='image "./cebetistabulaqua00praeuoft_0119.png"; bbox 0 0 1888 3170; ppageno 0'>
   <div class='ocr_carea' id='block_1_1' title="bbox 703 194 1015 232">
    <p class='ocr_par' dir='ltr' id='par_1_1' title="bbox 703 194 1015 232">
     <span class='ocr_line' id='line_1_1' title="bbox 703 194 1015 232; baseline -0.003 0"><span class='ocrx_word' id='word_1_1' title='bbox 703 194 1015 232; x_wconf 82' lang='lat'>—111—</span> 
     </span>
    </p>
   </div>
   <div class='ocr_carea' id='block_1_2' title="bbox 173 302 1548 2057">
    <p class='ocr_par' dir='ltr' id='par_1_2' title="bbox 173 302 1548 2057">
     <span class='ocr_line' id='line_1_2' title="bbox 173 302 1542 356; baseline 0.001 -13"><span class='ocrx_word' id='word_1_2' title='bbox 173 313 341 344; x_wconf 82' lang='grc' dir='ltr'><em>τουσιν.</em></span> <span class='ocrx_word' id='word_1_3' title='bbox 392 304 586 346; x_wconf 89' lang='lat' dir='ltr'>Eruditio</span> <span class='ocrx_word' id='word_1_4' title='bbox 607 309 746 346; x_wconf 88' lang='lat' dir='ltr'>autem</span> <span class='ocrx_word' id='word_1_5' title='bbox 765 310 881 345; x_wconf 87' lang='lat' dir='ltr'>extra</span> <span class='ocrx_word' id='word_1_6' title='bbox 900 307 1089 356; x_wconf 89' lang='lat' dir='ltr'>saeptum</span> <span class='ocrx_word' id='word_1_7' title='bbox 1107 308 1193 345; x_wconf 89' lang='lat' dir='ltr'>stat</span> <span class='ocrx_word' id='word_1_8' title='bbox 1210 302 1347 355; x_wconf 85' lang='lat'>(19,1)</span> <span class='ocrx_word' id='word_1_9' title='bbox 1370 307 1412 345; x_wconf 89' lang='lat' dir='ltr'>et</span> <span class='ocrx_word' id='word_1_10' title='bbox 1428 304 1542 354; x_wconf 88' lang='lat' dir='ltr'>prius</span> 
     </span>
     <span class='ocr_line' id='line_1_3' title="bbox 174 377 1541 430; baseline 0.001 -14"><span class='ocrx_word' id='word_1_11' title='bbox 174 377 227 417; x_wconf 93' lang='lat' dir='ltr'>ad</span> <span class='ocrx_word' id='word_1_12' title='bbox 264 389 356 417; x_wconf 86' lang='lat' dir='ltr'>eam</span> <span class='ocrx_word' id='word_1_13' title='bbox 389 378 586 419; x_wconf 77' lang='lat' dir='ltr'>accedere</span> <span class='ocrx_word' id='word_1_14' title='bbox 617 390 718 430; x_wconf 91' lang='lat' dir='ltr'>opus</span> <span class='ocrx_word' id='word_1_15' title='bbox 751 382 814 418; x_wconf 86' lang='lat' dir='ltr'>est</span> <span class='ocrx_word' id='word_1_16' title='bbox 845 389 968 429; x_wconf 89' lang='lat' dir='ltr'>quam</span> <span class='ocrx_word' id='word_1_17' title='bbox 1002 378 1054 419; x_wconf 82' lang='lat' dir='ltr'>ad</span> <span class='ocrx_word' id='word_1_18' title='bbox 1092 377 1278 418; x_wconf 78' lang='lat' dir='ltr'>Virtutes</span> <span class='ocrx_word' id='word_1_19' title='bbox 1311 377 1541 429; x_wconf 88' lang='lat' dir='ltr'>pervenias.</span> 
     </span>
     <span class='ocr_line' id='line_1_4' title="bbox 175 448 1543 503; baseline 0 -12"><span class='ocrx_word' id='word_1_20' title='bbox 175 449 295 491; x_wconf 90' lang='lat' dir='ltr'>Unde</span> <span class='ocrx_word' id='word_1_21' title='bbox 316 450 573 503; x_wconf 88' lang='lat' dir='ltr'>intellegitur</span> <span class='ocrx_word' id='word_1_22' title='bbox 594 451 702 492; x_wconf 87' lang='lat' dir='ltr'>hunc</span> <span class='ocrx_word' id='word_1_23' title='bbox 724 452 878 501; x_wconf 87' lang='lat' dir='ltr'>locum,</span> <span class='ocrx_word' id='word_1_24' title='bbox 904 452 938 493; x_wconf 90' lang='lat' dir='ltr'>si</span> <span class='ocrx_word' id='word_1_25' title='bbox 972 451 1072 492; x_wconf 87' lang='lat' dir='ltr'>illud</span> <span class='ocrx_word' id='word_1_26' title='bbox 1103 448 1384 500; x_wconf 79' lang='grc' dir='ltr'><strong><em>εἰσελθόντας</em></strong></span> <span class='ocrx_word' id='word_1_27' title='bbox 1414 451 1543 493; x_wconf 84' lang='lat' dir='ltr'>vertis</span> 
     </span>
     <span class='ocr_line' id='line_1_5' title="bbox 179 525 1542 577; baseline 0.001 -13"><span class='ocrx_word' id='word_1_28' title='bbox 179 536 287 575; x_wconf 83' lang='lat' dir='ltr'>„eos,</span> <span class='ocrx_word' id='word_1_29' title='bbox 319 526 389 577; x_wconf 90' lang='lat' dir='ltr'>qui</span> <span class='ocrx_word' id='word_1_30' title='bbox 422 527 596 577; x_wconf 85' lang='lat' dir='ltr'>ingressi</span> <span class='ocrx_word' id='word_1_31' title='bbox 630 527 749 566; x_wconf 80' lang='lat' dir='ltr'>su11t“</span> <span class='ocrx_word' id='word_1_32' title='bbox 787 538 867 567; x_wconf 91' lang='lat' dir='ltr'>non</span> <span class='ocrx_word' id='word_1_33' title='bbox 891 530 1002 566; x_wconf 89' lang='lat' dir='ltr'>recte</span> <span class='ocrx_word' id='word_1_34' title='bbox 1034 538 1077 566; x_wconf 90' lang='lat' dir='ltr'>se</span> <span class='ocrx_word' id='word_1_35' title='bbox 1109 526 1275 566; x_wconf 88' lang='lat' dir='ltr'>habere.</span> <span class='ocrx_word' id='word_1_36' title='bbox 1339 526 1398 566; x_wconf 89' lang='lat' dir='ltr'>Ne</span> <span class='ocrx_word' id='word_1_37' title='bbox 1430 525 1542 566; x_wconf 85' lang='lat' dir='ltr'>dicas</span> 
     </span>
     <span class='ocr_line' id='line_1_6' title="bbox 174 594 1542 652; baseline 0.001 -14"><span class='ocrx_word' id='word_1_38' title='bbox 174 598 434 640; x_wconf 87' lang='lat' dir='ltr'>scribendum</span> <span class='ocrx_word' id='word_1_39' title='bbox 458 612 547 641; x_wconf 84' lang='lat' dir='ltr'>esse</span> <span class='ocrx_word' id='word_1_40' title='bbox 569 594 816 652; x_wconf 76' lang='grc' dir='ltr'><em>ἁγαγοῦσαι</em></span> <span class='ocrx_word' id='word_1_41' title='bbox 848 595 957 652; x_wconf 77' lang='grc' dir='ltr'><em>πρὸς</em></span> <span class='ocrx_word' id='word_1_42' title='bbox 978 595 1052 647; x_wconf 81' lang='grc' dir='ltr'>τὰς</span> <span class='ocrx_word' id='word_1_43' title='bbox 1081 594 1252 651; x_wconf 69' lang='grc' dir='ltr'><strong><em>Ἀρετᾶς</em></strong></span> <span class='ocrx_word' id='word_1_44' title='bbox 1276 595 1380 647; x_wconf 81' lang='grc' dir='ltr'><strong><em>τοὺς</em></strong></span> <span class='ocrx_word' id='word_1_45' title='bbox 1411 601 1542 640; x_wconf 82' lang='grc' dir='ltr'><em>εἰσελ-</em></span> 
     </span>
     <span class='ocr_line' id='line_1_7' title="bbox 173 667 1542 726; baseline 0.001 -14"><span class='ocrx_word' id='word_1_46' title='bbox 173 668 340 720; x_wconf 81' lang='grc' dir='ltr'><em>θόντας</em></span> <span class='ocrx_word' id='word_1_47' title='bbox 380 668 497 725; x_wconf 68' lang='grc' dir='ltr'>πρὸςῖ</span> <span class='ocrx_word' id='word_1_48' title='bbox 526 667 606 726; x_wconf 82' lang='grc' dir='ltr'>τὴν</span> <span class='ocrx_word' id='word_1_49' title='bbox 648 674 885 725; x_wconf 78' lang='grc' dir='ltr'><em>Παιδείαν,</em></span> <span class='ocrx_word' id='word_1_50' title='bbox 931 674 970 714; x_wconf 90' lang='lat' dir='ltr'>id</span> <span class='ocrx_word' id='word_1_51' title='bbox 1019 673 1180 725; x_wconf 89' lang='lat' dir='ltr'>obstat,</span> <span class='ocrx_word' id='word_1_52' title='bbox 1224 673 1333 726; x_wconf 87' lang='lat' dir='ltr'>quod</span> <span class='ocrx_word' id='word_1_53' title='bbox 1372 685 1452 714; x_wconf 87' lang='lat' dir='ltr'>non</span> <span class='ocrx_word' id='word_1_54' title='bbox 1490 673 1542 714; x_wconf 89' lang='lat' dir='ltr'>ad</span> 
     </span>
     <span class='ocr_line' id='line_1_8' title="bbox 174 745 1543 798; baseline 0.002 -13"><span class='ocrx_word' id='word_1_55' title='bbox 174 745 285 796; x_wconf 87' lang='lat' dir='ltr'>ipsas</span> <span class='ocrx_word' id='word_1_56' title='bbox 317 745 504 787; x_wconf 74' lang='lat' dir='ltr'>Virtutes</span> <span class='ocrx_word' id='word_1_57' title='bbox 545 747 769 798; x_wconf 85' lang='lat' dir='ltr'>Opiniones</span> <span class='ocrx_word' id='word_1_58' title='bbox 814 748 1018 789; x_wconf 88' lang='lat' dir='ltr'>accedunt</span> <span class='ocrx_word' id='word_1_59' title='bbox 1060 748 1131 788; x_wconf 78' lang='lat' dir='ltr'>sed</span> <span class='ocrx_word' id='word_1_60' title='bbox 1171 747 1409 788; x_wconf 88' lang='lat' dir='ltr'>Eruditioni</span> <span class='ocrx_word' id='word_1_61' title='bbox 1459 758 1543 797; x_wconf 83' lang='lat' dir='ltr'>eos,</span> 
     </span>
     <span class='ocr_line' id='line_1_9' title="bbox 174 820 1545 873; baseline 0.003 -15"><span class='ocrx_word' id='word_1_62' title='bbox 174 831 277 870; x_wconf 88' lang='lat' dir='ltr'>quos</span> <span class='ocrx_word' id='word_1_63' title='bbox 310 820 484 871; x_wconf 84' lang='lat' dir='ltr'>ducunt,</span> <span class='ocrx_word' id='word_1_64' title='bbox 519 822 733 862; x_wconf 71' lang='lat' dir='ltr'>tradentes</span> <span class='ocrx_word' id='word_1_65' title='bbox 765 820 978 873; x_wconf 88' lang='lat' dir='ltr'>finguntur</span> <span class='ocrx_word' id='word_1_66' title='bbox 1011 824 1077 870; x_wconf 83' lang='lat'>29,</span> <span class='ocrx_word' id='word_1_67' title='bbox 1095 825 1130 863; x_wconf 90' lang='lat'>3.</span> <span class='ocrx_word' id='word_1_68' title='bbox 1194 822 1253 862; x_wconf 93' lang='lat' dir='ltr'>De</span> <span class='ocrx_word' id='word_1_69' title='bbox 1290 822 1371 862; x_wconf 88' lang='lat' dir='ltr'>alia</span> <span class='ocrx_word' id='word_1_70' title='bbox 1408 833 1545 862; x_wconf 86' lang='lat' dir='ltr'>emen—</span> 
     </span>
     <span class='ocr_line' id='line_1_10' title="bbox 174 892 1543 951; baseline 0 -19"><span class='ocrx_word' id='word_1_71' title='bbox 174 892 342 934; x_wconf 82' lang='lat' dir='ltr'>datione</span> <span class='ocrx_word' id='word_1_72' title='bbox 374 895 636 951; x_wconf 71' lang='lat' dir='ltr'>cogitaveris,</span> <span class='ocrx_word' id='word_1_73' title='bbox 670 896 705 937; x_wconf 92' lang='lat' dir='ltr'>si</span> <span class='ocrx_word' id='word_1_74' title='bbox 736 896 779 935; x_wconf 89' lang='lat' dir='ltr'>in</span> <span class='ocrx_word' id='word_1_75' title='bbox 809 896 999 936; x_wconf 81' lang='lat' dir='ltr'>versione</span> <span class='ocrx_word' id='word_1_76' title='bbox 1033 895 1211 936; x_wconf 81' lang='lat' dir='ltr'>Arabica</span> <span class='ocrx_word' id='word_1_77' title='bbox 1244 895 1344 936; x_wconf 86' lang='lat' dir='ltr'>haec</span> <span class='ocrx_word' id='word_1_78' title='bbox 1376 895 1543 946; x_wconf 88' lang='lat' dir='ltr'>legeris:</span> 
     </span>
     <span class='ocr_line' id='line_1_11' title="bbox 174 966 1546 1022; baseline 0.002 -16"><span class='ocrx_word' id='word_1_79' title='bbox 174 966 403 1017; x_wconf 90' lang='lat' dir='ltr'>Opiniones</span> <span class='ocrx_word' id='word_1_80' title='bbox 443 973 555 1020; x_wconf 89' lang='lat' dir='ltr'>sunt,</span> <span class='ocrx_word' id='word_1_81' title='bbox 599 970 749 1022; x_wconf 88' lang='lat' dir='ltr'>inquit,</span> <span class='ocrx_word' id='word_1_82' title='bbox 794 969 1043 1010; x_wconf 80' lang='lat' dir='ltr'>deducentes</span> <span class='ocrx_word' id='word_1_83' title='bbox 1087 969 1138 1009; x_wconf 89' lang='lat' dir='ltr'>ad</span> <span class='ocrx_word' id='word_1_84' title='bbox 1172 968 1464 1021; x_wconf 77' lang='lat' dir='ltr'>Disciplinam,</span> <span class='ocrx_word' id='word_1_85' title='bbox 1503 973 1546 1009; x_wconf 92' lang='lat' dir='ltr'>et</span> 
     </span>
     <span class='ocr_line' id='line_1_12' title="bbox 173 1040 1546 1096; baseline 0.004 -17"><span class='ocrx_word' id='word_1_86' title='bbox 173 1040 459 1091; x_wconf 88' lang='lat' dir='ltr'>proclinarunt</span> <span class='ocrx_word' id='word_1_87' title='bbox 484 1044 565 1084; x_wconf 86' lang='lat' dir='ltr'>iam</span> <span class='ocrx_word' id='word_1_88' title='bbox 590 1045 730 1096; x_wconf 85' lang='lat' dir='ltr'>capita</span> <span class='ocrx_word' id='word_1_89' title='bbox 751 1055 824 1084; x_wconf 86' lang='lat' dir='ltr'>sua</span> <span class='ocrx_word' id='word_1_90' title='bbox 848 1042 1064 1084; x_wconf 85' lang='lat' dir='ltr'>invitando</span> <span class='ocrx_word' id='word_1_91' title='bbox 1086 1054 1168 1093; x_wconf 89' lang='lat' dir='ltr'>eos,</span> <span class='ocrx_word' id='word_1_92' title='bbox 1197 1044 1279 1094; x_wconf 91' lang='lat' dir='ltr'>qui</span> <span class='ocrx_word' id='word_1_93' title='bbox 1302 1042 1546 1084; x_wconf 85' lang='lat' dir='ltr'>accedunt</span> 
     </span>
     <span class='ocr_line' id='line_1_13' title="bbox 174 1114 1545 1169; baseline 0.002 -15"><span class='ocrx_word' id='word_1_94' title='bbox 174 1114 311 1166; x_wconf 90' lang='lat' dir='ltr'>ipsas</span> <span class='ocrx_word' id='word_1_95' title='bbox 344 1115 581 1169; x_wconf 86' lang='lat' dir='ltr'>laetumque</span> <span class='ocrx_word' id='word_1_96' title='bbox 602 1117 742 1159; x_wconf 86' lang='lat' dir='ltr'>ferunt</span> <span class='ocrx_word' id='word_1_97' title='bbox 763 1118 964 1158; x_wconf 90' lang='lat' dir='ltr'>nuntium.</span> <span class='ocrx_word' id='word_1_98' title='bbox 1000 1140 1053 1145; x_wconf 89' lang='lat'>—</span> <span class='ocrx_word' id='word_1_99' title='bbox 1080 1116 1246 1157; x_wconf 81' lang='lat' dir='ltr'>Scilicet</span> <span class='ocrx_word' id='word_1_100' title='bbox 1267 1117 1545 1168; x_wconf 82' lang='lat' dir='ltr'>suspicaberis</span> 
     </span>
     <span class='ocr_line' id='line_1_14' title="bbox 173 1185 1545 1243; baseline 0.004 -16"><span class='ocrx_word' id='word_1_101' title='bbox 173 1187 440 1239; x_wconf 83' lang='lat' dir='ltr'>interpretem</span> <span class='ocrx_word' id='word_1_102' title='bbox 474 1190 700 1232; x_wconf 86' lang='lat' dir='ltr'>Arabicum</span> <span class='ocrx_word' id='word_1_103' title='bbox 733 1204 807 1243; x_wconf 89' lang='lat' dir='ltr'>pro</span> <span class='ocrx_word' id='word_1_104' title='bbox 839 1191 924 1231; x_wconf 89' lang='lat' dir='ltr'>illis</span> <span class='ocrx_word' id='word_1_105' title='bbox 954 1186 1063 1242; x_wconf 78' lang='grc' dir='ltr'><em>πρὸς</em></span> <span class='ocrx_word' id='word_1_106' title='bbox 1092 1185 1168 1238; x_wconf 80' lang='grc' dir='ltr'>τὰς</span> <span class='ocrx_word' id='word_1_107' title='bbox 1196 1185 1366 1242; x_wconf 71' lang='grc' dir='ltr'><strong><em>Ἀρετᾶς</em></strong></span> <span class='ocrx_word' id='word_1_108' title='bbox 1396 1192 1545 1242; x_wconf 85' lang='lat' dir='ltr'>legisse</span> 
     </span>
     <span class='ocr_line' id='line_1_15' title="bbox 174 1256 1546 1317; baseline 0.003 -15"><span class='ocrx_word' id='word_1_109' title='bbox 174 1256 283 1314; x_wconf 80' lang='grc' dir='ltr'><strong><em>πρὸς</em></strong></span> <span class='ocrx_word' id='word_1_110' title='bbox 313 1257 460 1311; x_wconf 79' lang='grc' dir='ltr'><em>αὑτὰς.</em></span> <span class='ocrx_word' id='word_1_111' title='bbox 523 1264 601 1305; x_wconf 84' lang='lat' dir='ltr'>Sed</span> <span class='ocrx_word' id='word_1_112' title='bbox 640 1278 690 1305; x_wconf 88' lang='lat' dir='ltr'>ne</span> <span class='ocrx_word' id='word_1_113' title='bbox 722 1265 799 1306; x_wconf 92' lang='lat' dir='ltr'>hoc</span> <span class='ocrx_word' id='word_1_114' title='bbox 841 1264 1006 1317; x_wconf 89' lang='lat' dir='ltr'>quidem</span> <span class='ocrx_word' id='word_1_115' title='bbox 1044 1276 1136 1305; x_wconf 87' lang='lat' dir='ltr'>mea</span> <span class='ocrx_word' id='word_1_116' title='bbox 1174 1265 1383 1305; x_wconf 84' lang='lat' dir='ltr'>sententia</span> <span class='ocrx_word' id='word_1_117' title='bbox 1421 1265 1546 1306; x_wconf 89' lang='lat' dir='ltr'>habet</span> 
     </span>
     <span class='ocr_line' id='line_1_16' title="bbox 174 1336 1547 1390; baseline 0.003 -14"><span class='ocrx_word' id='word_1_118' title='bbox 174 1336 483 1387; x_wconf 79' lang='lat' dir='ltr'>probabilitatis</span> <span class='ocrx_word' id='word_1_119' title='bbox 521 1350 735 1388; x_wconf 88' lang='lat' dir='ltr'>numeros,</span> <span class='ocrx_word' id='word_1_120' title='bbox 781 1350 873 1379; x_wconf 90' lang='lat' dir='ltr'>cum</span> <span class='ocrx_word' id='word_1_121' title='bbox 905 1337 1131 1390; x_wconf 87' lang='lat' dir='ltr'>Opiniones</span> <span class='ocrx_word' id='word_1_122' title='bbox 1175 1338 1331 1379; x_wconf 89' lang='lat' dir='ltr'>nullum</span> <span class='ocrx_word' id='word_1_123' title='bbox 1364 1339 1547 1380; x_wconf 86' lang='lat' dir='ltr'>habeant</span> 
     </span>
     <span class='ocr_line' id='line_1_17' title="bbox 174 1411 1544 1465; baseline 0.002 -15"><span class='ocrx_word' id='word_1_124' title='bbox 174 1411 388 1462; x_wconf 90' lang='lat' dir='ltr'>proprium</span> <span class='ocrx_word' id='word_1_125' title='bbox 419 1411 568 1463; x_wconf 90' lang='grc'>10011111,</span> <span class='ocrx_word' id='word_1_126' title='bbox 602 1412 672 1453; x_wconf 90' lang='lat' dir='ltr'>sed</span> <span class='ocrx_word' id='word_1_127' title='bbox 710 1425 784 1464; x_wconf 87' lang='lat' dir='ltr'>per</span> <span class='ocrx_word' id='word_1_128' title='bbox 821 1413 983 1464; x_wconf 87' lang='lat' dir='ltr'>priores</span> <span class='ocrx_word' id='word_1_129' title='bbox 1020 1412 1123 1453; x_wconf 91' lang='lat' dir='ltr'>duos</span> <span class='ocrx_word' id='word_1_130' title='bbox 1161 1412 1358 1454; x_wconf 91' lang='lat' dir='ltr'>circuitus</span> <span class='ocrx_word' id='word_1_131' title='bbox 1389 1415 1544 1465; x_wconf 86' lang='lat' dir='ltr'>passim</span> 
     </span>
     <span class='ocr_line' id='line_1_18' title="bbox 173 1486 1544 1538; baseline 0.002 -14"><span class='ocrx_word' id='word_1_132' title='bbox 173 1488 396 1536; x_wconf 82' lang='lat' dir='ltr'>vagentur,</span> <span class='ocrx_word' id='word_1_133' title='bbox 429 1486 488 1526; x_wconf 90' lang='lat' dir='ltr'>ita</span> <span class='ocrx_word' id='word_1_134' title='bbox 519 1489 565 1527; x_wconf 90' lang='lat' dir='ltr'>ut</span> <span class='ocrx_word' id='word_1_135' title='bbox 597 1487 663 1527; x_wconf 81' lang='lat' dir='ltr'>vix</span> <span class='ocrx_word' id='word_1_136' title='bbox 695 1486 774 1526; x_wconf 88' lang='lat' dir='ltr'>dici</span> <span class='ocrx_word' id='word_1_137' title='bbox 807 1487 958 1538; x_wconf 85' lang='lat' dir='ltr'>possit:</span> <span class='ocrx_word' id='word_1_138' title='bbox 994 1498 1109 1537; x_wconf 83' lang='lat' dir='ltr'>‚,eos,</span> <span class='ocrx_word' id='word_1_139' title='bbox 1147 1487 1216 1538; x_wconf 91' lang='lat' dir='ltr'>qui</span> <span class='ocrx_word' id='word_1_140' title='bbox 1257 1487 1308 1527; x_wconf 87' lang='lat' dir='ltr'>ad</span> <span class='ocrx_word' id='word_1_141' title='bbox 1341 1487 1452 1538; x_wconf 88' lang='lat' dir='ltr'>ipsas</span> <span class='ocrx_word' id='word_1_142' title='bbox 1482 1488 1544 1527; x_wconf 90' lang='lat' dir='ltr'>in-</span> 
     </span>
     <span class='ocr_line' id='line_1_19' title="bbox 173 1558 1546 1612; baseline 0.004 -14"><span class='ocrx_word' id='word_1_143' title='bbox 173 1558 421 1599; x_wconf 67' lang='lat' dir='ltr'>troierunt“.</span> <span class='ocrx_word' id='word_1_144' title='bbox 468 1559 562 1600; x_wconf 85' lang='lat' dir='ltr'>Jam</span> <span class='ocrx_word' id='word_1_145' title='bbox 594 1561 722 1610; x_wconf 80' lang='lat' dir='ltr'>igitur</span> <span class='ocrx_word' id='word_1_146' title='bbox 754 1560 892 1601; x_wconf 89' lang='lat' dir='ltr'>missis</span> <span class='ocrx_word' id='word_1_147' title='bbox 924 1559 1284 1601; x_wconf 83' lang='lat' dir='ltr'>emendationibus</span> <span class='ocrx_word' id='word_1_148' title='bbox 1318 1561 1546 1612; x_wconf 81' lang='lat' dir='ltr'>videamus,</span> 
     </span>
     <span class='ocr_line' id='line_1_20' title="bbox 175 1633 1545 1687; baseline 0.002 -14"><span class='ocrx_word' id='word_1_149' title='bbox 175 1644 272 1674; x_wconf 90' lang='lat' dir='ltr'>num</span> <span class='ocrx_word' id='word_1_150' title='bbox 304 1645 353 1674; x_wconf 90' lang='lat' dir='ltr'>ea</span> <span class='ocrx_word' id='word_1_151' title='bbox 385 1633 493 1685; x_wconf 88' lang='lat' dir='ltr'>ipsa,</span> <span class='ocrx_word' id='word_1_152' title='bbox 539 1646 645 1686; x_wconf 92' lang='lat' dir='ltr'>quae</span> <span class='ocrx_word' id='word_1_153' title='bbox 686 1635 729 1674; x_wconf 88' lang='lat' dir='ltr'>in</span> <span class='ocrx_word' id='word_1_154' title='bbox 761 1634 876 1675; x_wconf 88' lang='lat' dir='ltr'>codd.</span> <span class='ocrx_word' id='word_1_155' title='bbox 909 1637 1096 1684; x_wconf 83' lang='lat' dir='ltr'>exstant,</span> <span class='ocrx_word' id='word_1_156' title='bbox 1138 1634 1335 1686; x_wconf 80' lang='lat' dir='ltr'>explicari</span> <span class='ocrx_word' id='word_1_157' title='bbox 1372 1636 1545 1687; x_wconf 85' lang='lat' dir='ltr'>possint.</span> 
     </span>
     <span class='ocr_line' id='line_1_21' title="bbox 175 1706 1548 1761; baseline 0.001 -13"><span class='ocrx_word' id='word_1_158' title='bbox 175 1706 296 1756; x_wconf 83' lang='lat' dir='ltr'>Quod</span> <span class='ocrx_word' id='word_1_159' title='bbox 328 1706 415 1748; x_wconf 89' lang='lat' dir='ltr'>fieri</span> <span class='ocrx_word' id='word_1_160' title='bbox 449 1709 615 1759; x_wconf 89' lang='lat' dir='ltr'>nequit,</span> <span class='ocrx_word' id='word_1_161' title='bbox 649 1709 727 1748; x_wconf 88' lang='lat' dir='ltr'>nisi</span> <span class='ocrx_word' id='word_1_162' title='bbox 761 1709 839 1758; x_wconf 87' lang='lat' dir='ltr'>ita,</span> <span class='ocrx_word' id='word_1_163' title='bbox 872 1712 917 1749; x_wconf 88' lang='lat' dir='ltr'>ut</span> <span class='ocrx_word' id='word_1_164' title='bbox 948 1708 1093 1749; x_wconf 87' lang='lat' dir='ltr'>aoristi</span> <span class='ocrx_word' id='word_1_165' title='bbox 1124 1709 1386 1760; x_wconf 86' lang='lat' dir='ltr'>participium</span> <span class='ocrx_word' id='word_1_166' title='bbox 1418 1711 1548 1761; x_wconf 90' lang='lat' dir='ltr'>parti-</span> 
     </span>
     <span class='ocr_line' id='line_1_22' title="bbox 175 1780 1546 1833; baseline 0.003 -12"><span class='ocrx_word' id='word_1_167' title='bbox 175 1781 269 1833; x_wconf 89' lang='lat' dir='ltr'>cipii</span> <span class='ocrx_word' id='word_1_168' title='bbox 301 1783 535 1832; x_wconf 87' lang='lat' dir='ltr'>praesentis</span> <span class='ocrx_word' id='word_1_169' title='bbox 567 1780 871 1833; x_wconf 87' lang='lat' dir='ltr'>significatione</span> <span class='ocrx_word' id='word_1_170' title='bbox 893 1781 1127 1823; x_wconf 85' lang='lat' dir='ltr'>adhibitum</span> <span class='ocrx_word' id='word_1_171' title='bbox 1150 1794 1239 1823; x_wconf 88' lang='lat' dir='ltr'>esse</span> <span class='ocrx_word' id='word_1_172' title='bbox 1270 1786 1445 1824; x_wconf 87' lang='lat' dir='ltr'>statuas.</span> <span class='ocrx_word' id='word_1_173' title='bbox 1498 1785 1546 1825; x_wconf 90' lang='lat' dir='ltr'>Id</span> 
     </span>
     <span class='ocr_line' id='line_1_23' title="bbox 174 1855 1546 1908; baseline 0.004 -14"><span class='ocrx_word' id='word_1_174' title='bbox 174 1860 311 1897; x_wconf 89' lang='lat' dir='ltr'>autem</span> <span class='ocrx_word' id='word_1_175' title='bbox 334 1855 561 1897; x_wconf 88' lang='lat' dir='ltr'>hebetioris</span> <span class='ocrx_word' id='word_1_176' title='bbox 583 1856 665 1897; x_wconf 90' lang='lat' dir='ltr'>iam</span> <span class='ocrx_word' id='word_1_177' title='bbox 689 1856 790 1898; x_wconf 86' lang='lat' dir='ltr'>facti</span> <span class='ocrx_word' id='word_1_178' title='bbox 818 1868 964 1897; x_wconf 88' lang='lat' dir='ltr'>sensus</span> <span class='ocrx_word' id='word_1_179' title='bbox 987 1867 1076 1897; x_wconf 88' lang='lat' dir='ltr'>esse</span> <span class='ocrx_word' id='word_1_180' title='bbox 1098 1860 1140 1897; x_wconf 90' lang='lat' dir='ltr'>et</span> <span class='ocrx_word' id='word_1_181' title='bbox 1161 1858 1271 1908; x_wconf 90' lang='lat' dir='ltr'>apud</span> <span class='ocrx_word' id='word_1_182' title='bbox 1293 1858 1546 1899; x_wconf 87' lang='lat' dir='ltr'>recentiores</span> 
     </span>
     <span class='ocr_line' id='line_1_24' title="bbox 174 1929 1548 1985; baseline 0.002 -15"><span class='ocrx_word' id='word_1_183' title='bbox 174 1929 307 1971; x_wconf 90' lang='lat' dir='ltr'>solum</span> <span class='ocrx_word' id='word_1_184' title='bbox 341 1929 518 1971; x_wconf 86' lang='lat' dir='ltr'>inveniri</span> <span class='ocrx_word' id='word_1_185' title='bbox 551 1931 711 1971; x_wconf 89' lang='lat' dir='ltr'>monuit</span> <span class='ocrx_word' id='word_1_186' title='bbox 733 1929 1041 1982; x_wconf 80' lang='lat' dir='ltr'>Schmidtius1).</span> <span class='ocrx_word' id='word_1_187' title='bbox 1104 1930 1183 1972; x_wconf 83' lang='lat' dir='ltr'>Sed</span> <span class='ocrx_word' id='word_1_188' title='bbox 1214 1934 1353 1973; x_wconf 89' lang='lat' dir='ltr'>utrum</span> <span class='ocrx_word' id='word_1_189' title='bbox 1380 1944 1548 1985; x_wconf 90' lang='lat' dir='ltr'>corrup-</span> 
     </span>
     <span class='ocr_line' id='line_1_25' title="bbox 174 2003 1545 2057; baseline 0.004 -15"><span class='ocrx_word' id='word_1_190' title='bbox 174 2003 257 2043; x_wconf 89' lang='lat' dir='ltr'>tela</span> <span class='ocrx_word' id='word_1_191' title='bbox 287 2003 363 2044; x_wconf 92' lang='lat' dir='ltr'>hoc</span> <span class='ocrx_word' id='word_1_192' title='bbox 394 2003 484 2044; x_wconf 94' lang='lat' dir='ltr'>loco</span> <span class='ocrx_word' id='word_1_193' title='bbox 514 2004 659 2055; x_wconf 86' lang='lat' dir='ltr'>lateat,</span> <span class='ocrx_word' id='word_1_194' title='bbox 692 2017 745 2045; x_wconf 91' lang='lat' dir='ltr'>an</span> <span class='ocrx_word' id='word_1_195' title='bbox 777 2004 997 2056; x_wconf 89' lang='lat' dir='ltr'>participio</span> <span class='ocrx_word' id='word_1_196' title='bbox 1029 2004 1175 2046; x_wconf 89' lang='lat' dir='ltr'>aoristi</span> <span class='ocrx_word' id='word_1_197' title='bbox 1207 2017 1282 2056; x_wconf 91' lang='lat' dir='ltr'>pro</span> <span class='ocrx_word' id='word_1_198' title='bbox 1312 2006 1545 2057; x_wconf 85' lang='lat' dir='ltr'>praesentis</span> 
     </span>
    </p>
   </div>
   <div class='ocr_carea' id='block_1_3' title="bbox 176 2077 307 2080">
    <p class='ocr_par' dir='ltr' id='par_1_3' title="bbox 176 2077 307 2080">
     <span class='ocr_line' id='line_1_26' title="bbox 176 2077 307 2080; baseline 0 0"><span class='ocrx_word' id='word_1_199' title='bbox 176 2077 307 2080; x_wconf 95' lang='lat' dir='ltr'> </span> 
     </span>
    </p>
   </div>
   <div class='ocr_carea' id='block_1_4' title="bbox 174 2104 1548 2718">
    <p class='ocr_par' dir='ltr' id='par_1_4' title="bbox 174 2104 1548 2718">
     <span class='ocr_line' id='line_1_27' title="bbox 290 2104 1547 2150; baseline 0.002 -11"><span class='ocrx_word' id='word_1_200' title='bbox 290 2104 318 2148; x_wconf 91' lang='grc'>1)</span> <span class='ocrx_word' id='word_1_201' title='bbox 345 2105 398 2139; x_wconf 88' lang='lat' dir='ltr'>De</span> <span class='ocrx_word' id='word_1_202' title='bbox 425 2106 633 2140; x_wconf 83' lang='lat' dir='ltr'>tractandae</span> <span class='ocrx_word' id='word_1_203' title='bbox 658 2110 794 2150; x_wconf 79' lang='lat' dir='ltr'>syntax.</span> <span class='ocrx_word' id='word_1_204' title='bbox 812 2116 929 2149; x_wconf 87' lang='lat' dir='ltr'>graec.</span> <span class='ocrx_word' id='word_1_205' title='bbox 955 2111 1021 2140; x_wconf 87' lang='lat' dir='ltr'>rat.</span> <span class='ocrx_word' id='word_1_206' title='bbox 1049 2117 1170 2141; x_wconf 90' lang='lat' dir='ltr'>comm.</span> <span class='ocrx_word' id='word_1_207' title='bbox 1188 2118 1222 2150; x_wconf 89' lang='lat' dir='ltr'>p.</span> <span class='ocrx_word' id='word_1_208' title='bbox 1244 2107 1339 2143; x_wconf 86' lang='lat' dir='ltr'><strong>VIII.</strong></span> <span class='ocrx_word' id='word_1_209' title='bbox 1383 2107 1547 2142; x_wconf 87' lang='lat' dir='ltr'>Kuehne-</span> 
     </span>
     <span class='ocr_line' id='line_1_28' title="bbox 174 2162 1547 2208; baseline 0.001 -12"><span class='ocrx_word' id='word_1_210' title='bbox 174 2173 252 2196; x_wconf 86' lang='lat' dir='ltr'>rum</span> <span class='ocrx_word' id='word_1_211' title='bbox 278 2162 351 2205; x_wconf 88' lang='lat' dir='ltr'>(Gr.</span> <span class='ocrx_word' id='word_1_212' title='bbox 378 2173 429 2205; x_wconf 85' lang='lat' dir='ltr'>gr.</span> <span class='ocrx_word' id='word_1_213' title='bbox 457 2164 492 2197; x_wconf 96' lang='lat' dir='ltr'>II</span> <span class='ocrx_word' id='word_1_214' title='bbox 517 2175 551 2207; x_wconf 93' lang='lat' dir='ltr'>p.</span> <span class='ocrx_word' id='word_1_215' title='bbox 579 2165 654 2206; x_wconf 85' lang='lat'>161,</span> <span class='ocrx_word' id='word_1_216' title='bbox 681 2175 714 2206; x_wconf 85' lang='lat' dir='ltr'>p.</span> <span class='ocrx_word' id='word_1_217' title='bbox 744 2166 806 2197; x_wconf 86' lang='lat'>163</span> <span class='ocrx_word' id='word_1_218' title='bbox 833 2175 866 2198; x_wconf 84' lang='lat' dir='ltr'>n.</span> <span class='ocrx_word' id='word_1_219' title='bbox 892 2165 926 2205; x_wconf 83' lang='lat'>4)</span> <span class='ocrx_word' id='word_1_220' title='bbox 952 2164 980 2197; x_wconf 90' lang='lat' dir='ltr'>si</span> <span class='ocrx_word' id='word_1_221' title='bbox 1006 2164 1199 2208; x_wconf 80' lang='lat' dir='ltr'>sequimur,</span> <span class='ocrx_word' id='word_1_222' title='bbox 1225 2174 1267 2198; x_wconf 86' lang='lat' dir='ltr'>ne</span> <span class='ocrx_word' id='word_1_223' title='bbox 1292 2175 1369 2199; x_wconf 87' lang='lat' dir='ltr'>cum</span> <span class='ocrx_word' id='word_1_224' title='bbox 1395 2165 1547 2208; x_wconf 81' lang='lat' dir='ltr'>optimae</span> 
     </span>
     <span class='ocr_line' id='line_1_29' title="bbox 174 2218 1545 2264; baseline 0.003 -13"><span class='ocrx_word' id='word_1_225' title='bbox 174 2218 314 2261; x_wconf 88' lang='lat' dir='ltr'>quidem</span> <span class='ocrx_word' id='word_1_226' title='bbox 341 2219 550 2254; x_wconf 85' lang='lat' dir='ltr'>Graecitatis</span> <span class='ocrx_word' id='word_1_227' title='bbox 581 2220 794 2263; x_wconf 85' lang='lat' dir='ltr'>scriptorum</span> <span class='ocrx_word' id='word_1_228' title='bbox 826 2220 1080 2254; x_wconf 88' lang='lat' dir='ltr'>consuetudine</span> <span class='ocrx_word' id='word_1_229' title='bbox 1114 2221 1170 2255; x_wconf 88' lang='lat' dir='ltr'>hic</span> <span class='ocrx_word' id='word_1_230' title='bbox 1202 2231 1285 2255; x_wconf 84' lang='lat' dir='ltr'>usus</span> <span class='ocrx_word' id='word_1_231' title='bbox 1314 2227 1458 2264; x_wconf 87' lang='lat' dir='ltr'>pugnat.</span> <span class='ocrx_word' id='word_1_232' title='bbox 1507 2221 1545 2255; x_wconf 90' lang='lat' dir='ltr'>Id</span> 
     </span>
     <span class='ocr_line' id='line_1_30' title="bbox 176 2275 1546 2320; baseline 0.002 -11"><span class='ocrx_word' id='word_1_233' title='bbox 176 2275 264 2309; x_wconf 89' lang='lat' dir='ltr'>enim</span> <span class='ocrx_word' id='word_1_234' title='bbox 291 2286 360 2310; x_wconf 90' lang='lat' dir='ltr'>non</span> <span class='ocrx_word' id='word_1_235' title='bbox 386 2276 461 2310; x_wconf 88' lang='lat' dir='ltr'>vult</span> <span class='ocrx_word' id='word_1_236' title='bbox 486 2277 579 2311; x_wconf 88' lang='lat' dir='ltr'>inter</span> <span class='ocrx_word' id='word_1_237' title='bbox 605 2277 728 2311; x_wconf 83' lang='lat' dir='ltr'>aoristi</span> <span class='ocrx_word' id='word_1_238' title='bbox 755 2281 789 2310; x_wconf 81' lang='lat' dir='ltr'>et</span> <span class='ocrx_word' id='word_1_239' title='bbox 814 2277 1008 2320; x_wconf 87' lang='lat' dir='ltr'>praesentis</span> <span class='ocrx_word' id='word_1_240' title='bbox 1032 2277 1260 2320; x_wconf 87' lang='lat' dir='ltr'>participium</span> <span class='ocrx_word' id='word_1_241' title='bbox 1286 2278 1455 2312; x_wconf 85' lang='lat' dir='ltr'>interesse</span> <span class='ocrx_word' id='word_1_242' title='bbox 1480 2277 1546 2312; x_wconf 89' lang='lat' dir='ltr'>dis·</span> 
     </span>
     <span class='ocr_line' id='line_1_31' title="bbox 175 2333 1545 2379; baseline 0.002 -14"><span class='ocrx_word' id='word_1_243' title='bbox 175 2333 316 2376; x_wconf 88' lang='lat' dir='ltr'>crimen,</span> <span class='ocrx_word' id='word_1_244' title='bbox 341 2338 380 2366; x_wconf 89' lang='lat' dir='ltr'>ut</span> <span class='ocrx_word' id='word_1_245' title='bbox 404 2333 494 2367; x_wconf 88' lang='lat' dir='ltr'>illud</span> <span class='ocrx_word' id='word_1_246' title='bbox 508 2334 709 2368; x_wconf 86' lang='lat' dir='ltr'>necessario</span> <span class='ocrx_word' id='word_1_247' title='bbox 727 2333 882 2376; x_wconf 87' lang='lat' dir='ltr'>designet</span> <span class='ocrx_word' id='word_1_248' title='bbox 899 2334 1074 2368; x_wconf 86' lang='lat' dir='ltr'>actionem</span> <span class='ocrx_word' id='word_1_249' title='bbox 1092 2339 1250 2377; x_wconf 89' lang='lat' dir='ltr'>tempore</span> <span class='ocrx_word' id='word_1_250' title='bbox 1268 2335 1310 2379; x_wconf 85' lang='lat' dir='ltr'>ei,</span> <span class='ocrx_word' id='word_1_251' title='bbox 1330 2345 1420 2378; x_wconf 84' lang='lat' dir='ltr'>quae</span> <span class='ocrx_word' id='word_1_252' title='bbox 1440 2335 1545 2369; x_wconf 90' lang='lat' dir='ltr'>verbo</span> 
     </span>
     <span class='ocr_line' id='line_1_32' title="bbox 175 2389 1547 2434; baseline 0.003 -12"><span class='ocrx_word' id='word_1_253' title='bbox 175 2389 273 2423; x_wconf 87' lang='lat' dir='ltr'>finito</span> <span class='ocrx_word' id='word_1_254' title='bbox 298 2390 517 2434; x_wconf 83' lang='lat' dir='ltr'>exprimitur,</span> <span class='ocrx_word' id='word_1_255' title='bbox 542 2391 827 2434; x_wconf 85' lang='lat' dir='ltr'>praecedentem.</span> <span class='ocrx_word' id='word_1_256' title='bbox 868 2391 944 2425; x_wconf 90' lang='lat' dir='ltr'>Hoc</span> <span class='ocrx_word' id='word_1_257' title='bbox 969 2391 1161 2425; x_wconf 81' lang='lat' dir='ltr'>sententiae</span> <span class='ocrx_word' id='word_1_258' title='bbox 1185 2393 1321 2426; x_wconf 86' lang='lat' dir='ltr'>ratione</span> <span class='ocrx_word' id='word_1_259' title='bbox 1345 2391 1433 2426; x_wconf 88' lang='lat' dir='ltr'>fere</span> <span class='ocrx_word' id='word_1_260' title='bbox 1458 2392 1547 2426; x_wconf 88' lang='lat' dir='ltr'>desi-</span> 
     </span>
     <span class='ocr_line' id='line_1_33' title="bbox 176 2445 1548 2492; baseline 0.003 -13"><span class='ocrx_word' id='word_1_261' title='bbox 176 2445 312 2488; x_wconf 83' lang='lat' dir='ltr'>derari,</span> <span class='ocrx_word' id='word_1_262' title='bbox 344 2457 412 2480; x_wconf 90' lang='lat' dir='ltr'>non</span> <span class='ocrx_word' id='word_1_263' title='bbox 444 2447 519 2490; x_wconf 86' lang='lat' dir='ltr'>ipso</span> <span class='ocrx_word' id='word_1_264' title='bbox 545 2447 730 2491; x_wconf 85' lang='lat' dir='ltr'>participio</span> <span class='ocrx_word' id='word_1_265' title='bbox 762 2447 882 2481; x_wconf 83' lang='lat' dir='ltr'>aoristi</span> <span class='ocrx_word' id='word_1_266' title='bbox 908 2447 965 2489; x_wconf 88' lang='lat' dir='ltr'>(cf.</span> <span class='ocrx_word' id='word_1_267' title='bbox 991 2458 1025 2490; x_wconf 90' lang='lat' dir='ltr'>p.</span> <span class='ocrx_word' id='word_1_268' title='bbox 1053 2449 1117 2481; x_wconf 86' lang='lat'>163</span> <span class='ocrx_word' id='word_1_269' title='bbox 1142 2458 1173 2481; x_wconf 89' lang='lat' dir='ltr'>n.</span> <span class='ocrx_word' id='word_1_270' title='bbox 1199 2449 1244 2490; x_wconf 82' lang='lat'>4).</span> <span class='ocrx_word' id='word_1_271' title='bbox 1293 2448 1360 2482; x_wconf 89' lang='lat' dir='ltr'>Sed</span> <span class='ocrx_word' id='word_1_272' title='bbox 1384 2449 1548 2492; x_wconf 86' lang='lat' dir='ltr'>exempla</span> 
     </span>
     <span class='ocr_line' id='line_1_34' title="bbox 175 2503 1547 2548; baseline 0.002 -12"><span class='ocrx_word' id='word_1_273' title='bbox 175 2503 440 2546; x_wconf 86' lang='lat' dir='ltr'>participiorum</span> <span class='ocrx_word' id='word_1_274' title='bbox 466 2505 588 2538; x_wconf 85' lang='lat' dir='ltr'>aoristi</span> <span class='ocrx_word' id='word_1_275' title='bbox 621 2515 686 2548; x_wconf 90' lang='lat' dir='ltr'>pro</span> <span class='ocrx_word' id='word_1_276' title='bbox 711 2505 906 2548; x_wconf 81' lang='lat' dir='ltr'>praesentis</span> <span class='ocrx_word' id='word_1_277' title='bbox 927 2504 1164 2538; x_wconf 88' lang='lat' dir='ltr'>adhibitorum</span> <span class='ocrx_word' id='word_1_278' title='bbox 1195 2515 1237 2538; x_wconf 91' lang='lat' dir='ltr'>ex</span> <span class='ocrx_word' id='word_1_279' title='bbox 1264 2506 1416 2548; x_wconf 85' lang='lat' dir='ltr'>optimae</span> <span class='ocrx_word' id='word_1_280' title='bbox 1442 2507 1547 2540; x_wconf 86' lang='lat' dir='ltr'>Grae-</span> 
     </span>
     <span class='ocr_line' id='line_1_35' title="bbox 175 2560 1547 2606; baseline 0.001 -12"><span class='ocrx_word' id='word_1_281' title='bbox 175 2560 292 2594; x_wconf 88' lang='lat' dir='ltr'>citatis</span> <span class='ocrx_word' id='word_1_282' title='bbox 317 2561 547 2603; x_wconf 86' lang='lat' dir='ltr'>scriptoribus</span> <span class='ocrx_word' id='word_1_283' title='bbox 572 2561 691 2595; x_wconf 87' lang='lat' dir='ltr'>afferri</span> <span class='ocrx_word' id='word_1_284' title='bbox 717 2566 903 2605; x_wconf 85' lang='lat' dir='ltr'>nequeunt.</span> <span class='ocrx_word' id='word_1_285' title='bbox 950 2561 1107 2595; x_wconf 79' lang='lat' dir='ltr'>Tabulae</span> <span class='ocrx_word' id='word_1_286' title='bbox 1132 2572 1172 2595; x_wconf 90' lang='lat' dir='ltr'>eo</span> <span class='ocrx_word' id='word_1_287' title='bbox 1198 2562 1292 2605; x_wconf 89' lang='lat' dir='ltr'>loco,</span> <span class='ocrx_word' id='word_1_288' title='bbox 1317 2562 1359 2596; x_wconf 90' lang='lat' dir='ltr'>de</span> <span class='ocrx_word' id='word_1_289' title='bbox 1383 2573 1451 2606; x_wconf 89' lang='lat' dir='ltr'>quo</span> <span class='ocrx_word' id='word_1_290' title='bbox 1477 2563 1547 2606; x_wconf 87' lang='lat' dir='ltr'>agi—</span> 
     </span>
     <span class='ocr_line' id='line_1_36' title="bbox 176 2613 1546 2660; baseline 0.003 -11"><span class='ocrx_word' id='word_1_291' title='bbox 176 2627 263 2657; x_wconf 77' lang='lat' dir='ltr'>mus,</span> <span class='ocrx_word' id='word_1_292' title='bbox 289 2627 502 2660; x_wconf 83' lang='lat' dir='ltr'>quamquam</span> <span class='ocrx_word' id='word_1_293' title='bbox 528 2618 577 2651; x_wconf 87' lang='grc'>1111</span> <span class='ocrx_word' id='word_1_294' title='bbox 606 2613 847 2657; x_wconf 75' lang='grc' dir='ltr'><em>εἰσελθόντας</em></span> <span class='ocrx_word' id='word_1_295' title='bbox 872 2619 993 2652; x_wconf 83' lang='lat' dir='ltr'>aoristi</span> <span class='ocrx_word' id='word_1_296' title='bbox 1020 2618 1307 2660; x_wconf 79' lang='lat' dir='ltr'>significationem</span> <span class='ocrx_word' id='word_1_297' title='bbox 1335 2619 1383 2652; x_wconf 86' lang='lat' dir='ltr'>ita</span> <span class='ocrx_word' id='word_1_298' title='bbox 1407 2618 1546 2653; x_wconf 80' lang='lat' dir='ltr'>subesse</span> 
     </span>
     <span class='ocr_line' id='line_1_37' title="bbox 176 2674 1546 2718; baseline 0.004 -11"><span class='ocrx_word' id='word_1_299' title='bbox 176 2674 286 2716; x_wconf 85' lang='lat' dir='ltr'>dicas,</span> <span class='ocrx_word' id='word_1_300' title='bbox 320 2680 357 2707; x_wconf 85' lang='lat' dir='ltr'>ut</span> <span class='ocrx_word' id='word_1_301' title='bbox 380 2674 422 2717; x_wconf 92' lang='lat' dir='ltr'>ii,</span> <span class='ocrx_word' id='word_1_302' title='bbox 446 2675 505 2717; x_wconf 90' lang='lat' dir='ltr'>qui</span> <span class='ocrx_word' id='word_1_303' title='bbox 530 2675 763 2718; x_wconf 82' lang='lat' dir='ltr'>opinionibus</span> <span class='ocrx_word' id='word_1_304' title='bbox 788 2676 830 2709; x_wconf 87' lang='lat' dir='ltr'>ad</span> <span class='ocrx_word' id='word_1_305' title='bbox 858 2685 973 2709; x_wconf 85' lang='lat' dir='ltr'>veram</span> <span class='ocrx_word' id='word_1_306' title='bbox 1001 2675 1244 2709; x_wconf 82' lang='lat' dir='ltr'>Eruditionem</span> <span class='ocrx_word' id='word_1_307' title='bbox 1271 2675 1479 2711; x_wconf 81' lang='lat' dir='ltr'>ducentibus</span> <span class='ocrx_word' id='word_1_308' title='bbox 1509 2687 1546 2712; x_wconf 78' lang='lat' dir='ltr'>se</span> 
     </span>
    </p>
   </div>
  </div>
 </body>
</html>
