1888 3170
722 201 888 237 „77
952 221 1006 226 ...

180 310 287 363 quod
309 322 391 351 non
417 307 670 364 ἐπιστήμην,
694 310 764 352 sed
787 306 915 364 ἰσχὺν
937 310 1009 352 καὶ
1029 307 1199 363 θάρσος
1231 310 1363 352 01111115
1383 310 1550 351 virtutis

178 384 295 435 quasi
317 383 632 425 fundamentum
653 396 740 425 esse
763 384 1057 436 arbitrabatur,
1090 397 1171 427 non
1199 384 1300 426 mihi
1320 384 1548 436 persuadeo

179 457 362 498 Tabulae
394 459 569 508 auctori,
602 458 671 510 qui
698 458 867 499 maximi
888 458 1014 500 faciat
1038 459 1312 511 scientiam1),
1345 470 1433 500 eam
1466 459 1548 499 vir-

177 534 314 572 tutum
345 532 614 583 partitionem
651 531 874 583 placuisse,
921 544 1023 584 quae
1063 532 1183 574 fluxit
1233 544 1282 574 ex
1327 532 1550 573 reiectione

177 605 385 647 scientiae.
447 605 730 657 Relinquitur,
763 609 809 647 ut
842 606 1058 658 vocabulo,
1091 607 1199 659 quod
1230 610 1294 648 est
1325 602 1549 660 ἐπιστήμη,

178 692 268 720 eam
300 680 376 721 1100
406 681 494 721 loco
526 680 723 721 virtutem
745 679 970 732 significari
993 681 1258 732 arbitremur,
1291 692 1396 732 quae
1426 681 1549 732 vulgo

177 758 350 795 vocatur
381 751 610 807 φρόνησις.

291 829 495 870 Ρο110111115
516 829 646 879 igitur
667 830 918 870 contrariam
948 842 971 870 a
994 829 1178 870 Tabulae
1210 832 1378 870 auctore
1398 829 1550 870 factam

177 914 266 943 esse
298 904 661 954 permutationem,
693 906 818 954 atque
853 903 1008 944 Zenoni
1040 904 1298 954 imputarunt
1329 901 1549 954 veteres2),

176 987 267 1016 cum
315 976 498 1018 dicerent
541 989 633 1018 eum
682 971 942 1030 ὁριζόμενον
986 972 1068 1031 τὴν
1113 975 1335 1031 φρόνησιν
1379 977 1426 1019 ἐν
1471 975 1550 1031 μὲν

175 1044 488 1104 ἀπονεμητέοις
510 1047 814 1104 δικαιοσύνην,
846 1050 894 1092 ἐν
917 1049 965 1092 δὲ
997 1051 1207 1103 αἱρετέοις
1238 1049 1550 1106 σωφροσύνην,

179 1123 226 1164 ἐν
259 1123 307 1165 δὲ
343 1120 650 1178 ὑπομενετέοις
687 1121 899 1178 ἀνδρείαν
930 1149 983 1153 —
1017 1123 1259 1180 ἐπιστήμην
1291 1123 1546 1180 φρονήσεως

174 1199 341 1239 1101111110
359 1199 644 1251 designavisse
655 1198 701 1252 ³).
739 1199 872 1241 Simili
890 1201 1194 1251 permutatione
1218 1213 1314 1242 usus
1334 1205 1396 1242 est
1417 1200 1549 1252 Plato,

179 1273 246 1324 qui
279 1285 483 1314 summum
521 1274 794 1325 cognoscendi
825 1274 997 1326 gradum
1038 1287 1218 1327 sympos,
1253 1278 1393 1326 2100,
1435 1278 1552 1316 2110

175 1346 274 1388 dicit
286 1346 541 1401 ἐπιστήμην,
554 1360 659 1399 quae
673 1360 752 1389 vox
765 1347 873 1400 apud
886 1359 978 1389 eum
994 1349 1096 1390 alias
1108 1349 1313 1400 significat
1328 1350 1550 1390 secundum

174 1421 358 1472 gradum.
407 1423 469 1463 Ne
491 1422 526 1463 is
547 1422 713 1473 quidem
740 1422 917 1464 refutari
940 1423 1081 1474 possit,
1106 1423 1176 1475 qui
1198 1423 1308 1464 dicat
1329 1420 1551 1477 φρόνησιν

174 1493 250 1535 1100
281 1495 467 1536 Tabulae
506 1497 594 1537 1000
637 1496 803 1536 0111111110
847 1497 1042 1537 omissam
1087 1509 1220 1549 neque
1258 1497 1479 1550 quidquam
1513 1499 1549 1538 ei

173 1569 446 1611 substitutum
470 1582 560 1611 esse
592 1567 822 1624 (ἐπιστήμη
855 1571 962 1611 enim
987 1575 1074 1612 tum
1097 1573 1215 1623 quasi
1235 1571 1548 1613 fundamentum

174 1643 355 1683 oninium
393 1644 596 1685 virtutum
638 1648 960 1685 commemorata
997 1644 1092 1698 est).
1159 1646 1265 1687 Nam
1313 1643 1549 1700 φρόνησιν,

175 1729 280 1769 quae
311 1714 522 1771 ἐπιστήμη
556 1719 703 1758 κακῶν
734 1716 806 1758 καὶ
839 1713 1025 1772 ἀγαθῶν
1046 1717 1118 1760 καὶ
1141 1715 1388 1773 οὐδετέρων
1410 1721 1549 1772 (Diog.

175 1790 254 1833 VII
277 1792 349 1844 92)
380 1793 445 1834 vel
477 1789 688 1846 ἐπιστήμη
712 1787 898 1845 ἀγαθῶν
919 1791 992 1834 καὶ
1013 1796 1160 1835 κακῶν
1182 1794 1307 1845 (Plut.
1332 1794 1381 1835 (10
1404 1806 1547 1836 00111111.

172 1868 258 1907 not.
296 1865 429 1918 16,2),
464 1867 806 1919 intellegebatur,
846 1879 1168 1910 commemorare
1198 1881 1548 1920 supervacaneum

171 1942 336 1992 poterat
367 1941 509 1993 videri,
543 1954 633 1983 cum
656 1942 727 1993 qui
748 1942 899 1982 ceteris
921 1942 1147 1984 virtutibus
1170 1942 1386 1995 satisfacit,
1418 1943 1547 1985 etiam

174 2014 270 2055 huic
301 2014 534 2057 satisfaciat
565 2014 632 2067 (cf.
657 2019 887 2057 ceterarum
910 2017 1113 2058 virtutum
1135 2016 1410 2070 definitiones,
1443 2029 1549 2070 quae

287 2195 314 2240 1)
341 2196 394 2231 Cf.
417 2207 525 2241 supra
548 2208 583 2241 p.
609 2199 664 2232 37.

287 2277 315 2321 ²)
340 2277 436 2313 Plut.
460 2278 538 2313 virt.
565 2289 651 2315 mor,
676 2280 708 2313 2.

286 2358 314 2402 ³)
341 2358 431 2401 Quid
450 2359 555 2394 Stoici
572 2359 744 2394 interesse
762 2358 936 2392 voluerint
961 2358 1052 2392 inter
1071 2353 1276 2402 ἐπιστήμην
1298 2362 1333 2393 et
1351 2353 1547 2402 φρόνησιν,

173 2424 217 2449 ex
242 2424 282 2448 eo
307 2414 385 2449 loco
408 2425 615 2459 cognoscere
633 2416 726 2459 licet,
744 2416 804 2459 qui
821 2419 874 2449 est
892 2414 1015 2449 Galen.
1033 2415 1140 2458 Hipp.
1166 2419 1202 2449 et
1219 2415 1310 2449 Plat.
1328 2416 1383 2458 7,2
1406 2425 1443 2458 p.
1462 2416 1546 2449 595:

171 2481 242 2505 una
259 2477 311 2506 est
327 2472 450 2516 virtus,
477 2468 658 2517 ἐπιστήμη
685 2467 842 2516 ἀγαθῶν
865 2471 929 2505 καὶ
946 2472 1082 2506 κακῶν.
1116 2466 1230 2505 ΓὈταν
1248 2469 1317 2516 μὲν
1335 2465 1406 2506 οὖν
1431 2470 1547 2515 αἷρεῖ-

173 2529 271 2562 σθαί
291 2541 328 2562 τε
355 2527 423 2573 δέῃ
448 2523 599 2573 τοῗγαθὰ
617 2529 681 2563 καὶ
706 2524 865 2573 φεύγειν
889 2524 934 2562 τὰ
961 2524 1076 2572 κακά,
1107 2524 1174 2572 τὴν
1201 2524 1406 2572 ἐπιστήμην
1435 2524 1547 2572 τήνδε

170 2585 269 2618 καλῶ
295 2582 555 2630 σωφροσύνην,
581 2581 673 2620 ὅταν
700 2584 741 2619 δὲ
760 2581 935 2629 πράττειν
960 2583 1028 2629 μὲν
1052 2579 1205 2628 τάγαθὰ
1231 2581 1279 2628 μὴ
1305 2581 1479 2628 πράττειν
1504 2583 1545 2618 δὲ

170 2637 288 2685 κακά,
324 2639 531 2687 φρόνησιν·
547 2638 726 2687 ἀνδρείαν
760 2636 886 2676 δ’ὅταν
920 2637 965 2675 τα
1000 2639 1068 2686 μὲν
1093 2637 1230 2686 θαρᾇ,
1255 2637 1300 2674 τὰ
1327 2639 1367 2674 δὲ
1395 2637 1519 2685 φεύγῃ
1540 2651 1546 2659 ’

162 2692 262 2732 ὅταν
287 2697 328 2732 δὲ·
354 2696 394 2733 τὸ
421 2695 499 2734 κατ’
526 2695 636 2743 ἀξίαν
663 2696 804 2746 ἑκάστῳ
829 2697 935 2744 νέμῃ,
960 2694 1207 2741 δικαιοσύνην
1232 2709 1282 2742 sq.
