1888 3170
725 221 1006 258 -.63-

185 334 295 375 enim
333 332 445 385 apud
483 333 712 383 Diogenem
749 330 872 372 Vns
905 336 1039 371 exstat
1069 328 1245 370 Zenonis
1283 327 1461 379 epistula
1498 325 1550 365 ad

184 420 323 460 regem
346 407 602 459 Antigonum
623 405 732 454 data,
764 404 806 444 in
838 416 918 456 qua
939 404 1049 444 Zeno
1082 403 1144 444 his
1177 402 1293 442 illum
1324 399 1547 442 collaudat:

185 476 458 534 ἀποδέχομαι
485 491 563 522 σου
594 475 675 533 τὴν
696 474 994 532 φιλομάθειαν
1024 472 1223 518 καθόσον
1243 476 1318 527 τῆς
1337 469 1552 527 ἀληθινῆς

185 553 257 595 καὶ
294 556 354 603 εἰς
385 550 542 596 ὅνυσιν
579 549 829 604 τεινούσης,
861 546 948 592 ἄλλ’
984 546 1081 604 οὐχὶ
1111 552 1186 603 τῆς
1217 545 1451 601 δημώδους
1481 545 1552 588 καὶ

185 631 245 678 εἰς
277 623 552 681 διαστροφὴν
583 622 711 680 ἠθῶν
742 621 898 679 ἀντέχῃ
924 626 1134 675 παιδείας,
1167 636 1214 664 ea
1245 636 1343 664 num
1375 622 1553 674 genuina

187 705 256 755 sit,
289 703 555 743 vehementer
586 701 782 749 (lubito¹).
827 700 891 741 Ex
920 699 1218 740 recentioribus
1247 702 1390 739 contra
1410 701 1553 738 notum

186 782 250 819 est
292 777 490 818 Senecam
537 774 897 816 vehementissime
943 774 986 813 in
1029 773 1217 814 homines
1261 771 1554 824 grammaticae

187 856 501 902 ceterarumque
531 849 764 891 liberalium
795 848 947 889 artium
975 847 1097 888 nimis
1119 848 1325 889 studiosos
1346 847 1554 887 invectum

186 937 278 966 esse
319 927 399 977 (ep.
432 923 522 978 86).
592 923 667 964 Cui
709 922 1024 964 consentiebant
1065 921 1280 972 Epictetus
1294 919 1349 972 2),
1391 920 1554 960 Marcus

187 999 394 1040 Aurelius.
463 999 662 1040 Similiter
701 1000 825 1048 atque
868 995 998 1037 Cebes
1039 995 1244 1047 duplicem
1284 994 1554 1036 eruditionem

187 1072 407 1123 distinguit
437 1072 516 1113 Dio
548 1070 758 1124 Chrysost.
791 1083 850 1112 or.
883 1074 909 1111 4
941 1082 979 1121 p.
1004 1072 1056 1110 69
1090 1070 1213 1111 Dind.

302 1147 542 1188 Statuemus
574 1147 703 1197 igitur
733 1146 915 1188 Stoicum
947 1144 1237 1196 philosophum
1269 1143 1461 1185 Panaetii
1494 1143 1556 1182 vel

188 1220 368 1262 Senecae
400 1222 548 1262 aetatis
575 1221 779 1262 Tabulam
811 1219 1115 1270 conscripsisse.
1176 1218 1269 1259 Non
1300 1218 1475 1259 multum
1507 1218 1558 1258 iis

189 1296 445 1347 temporibus
477 1295 585 1336 inter
617 1295 775 1336 Stoicos
806 1299 848 1335 et
875 1293 1050 1346 Cynicos
1082 1292 1320 1334 interfuisse
1351 1291 1557 1332 Drosihno

187 1370 244 1422 (p.
271 1371 340 1420 13)
372 1369 563 1410 concedo.
624 1370 781 1411 Tamen
818 1381 908 1409 cum
940 1367 1223 1409 vehementius
1253 1367 1296 1408 in
1323 1367 1559 1407 litterarum

193 1443 374 1484 studium
406 1444 546 1484 invehi
577 1443 722 1496 Cynici
753 1444 867 1484 soliti
899 1443 996 1494 sint,
1018 1442 1203 1484 Tabulae
1235 1445 1458 1491 auctorem,
1489 1440 1559 1492 qui

189 1522 353 1559 tantum
396 1518 508 1559 absit
547 1522 594 1558 ut
637 1518 911 1558 eruditionem
942 1516 1109 1567 reiciat,
1150 1519 1196 1556 ut
1227 1520 1372 1556 contra
1403 1527 1427 1555 a
1456 1514 1561 1555 falsa

192 1592 437 1633 Eruditione.
454 1592 563 1644 quod
589 1593 762 1644 quisque
783 1592 883 1632 velit
903 1591 1033 1643 accipi
1055 1591 1194 1632 iubeat
1215 1594 1413 1643 tanquam
1436 1589 1559 1629 viati-

189 1677 281 1706 cum
293 1664 326 1717 3)
341 1700 350 1717 ,
371 1666 513 1706 malim
531 1666 771 1707 existimare
787 1666 1017 1708 Stoicorum
1036 1670 1176 1707 sectae
1193 1664 1402 1706 addictum
1418 1662 1558 1704 fuisse.

304 1800 331 1844 1)
357 1801 446 1834 Item
472 1800 623 1834 incertae
647 1800 775 1834 aetatis
799 1805 853 1834 est
878 1800 972 1843 quod
989 1800 1213 1844 Pythagorae
1230 1799 1396 1832 tribuitur
1420 1808 1494 1831 exc.
1518 1808 1561 1831 ex

191 1869 254 1892 ms.
278 1857 313 1893 fl.
338 1858 393 1892 Jo.
418 1858 520 1892 Dam.
544 1869 578 1901 p.
604 1860 670 1892 202
695 1859 802 1892 Mein.

305 1915 332 1959 2)
358 1915 481 1958 fragm.
508 1916 551 1948 54
577 1926 610 1958 p.
631 1917 692 1948 111
721 1915 933 1958 Schweigh.;
961 1915 1039 1950 diss.
1057 1915 1107 1949 IV
1134 1917 1200 1958 5‚7.
1243 1914 1294 1949 Of.
1313 1914 1410 1951 Stob,
1428 1915 1483 1956 80,
1503 1915 1561 1946 14:

188 1967 376 2016 Ἀῤῥιανοῦ
409 1967 634 2015 Ἐπικτήτου
668 1968 760 2015 πρὸς
796 1968 861 2005 τὸν
898 1971 983 2015 περὶ
1019 1967 1150 2011 οὐσίας
1177 1999 1215 2006 ..
1275 1972 1322 2004 Τί
1354 1983 1417 2015 μοι
1450 1968 1563 2014 μέλει,

190 2030 293 2072 φησί,
318 2025 479 2072 πότερον
503 2025 542 2071 ἐξ
569 2023 716 2072 ἀτόμων
740 2023 763 2073 ἢ
790 2025 827 2071 ἐξ
853 2024 1001 2073 ἀμερῶν
1027 2024 1049 2073 ἢ
1077 2025 1117 2063 ἐκ
1135 2025 1252 2072 πυρὸς
1276 2028 1345 2062 παὶ
1371 2029 1438 2072 γῆς
1456 2025 1562 2061 συνέ-

191 2097 300 2130 στηκε
318 2083 363 2120 τὰ
375 2082 477 2120 ὅντα.
510 2087 610 2130 Quod
625 2087 651 2121 si
667 2087 819 2130 quaeris,
836 2098 943 2130 quare
958 2097 998 2121 ea
1012 2092 1127 2121 aetate
1141 2092 1237 2121 artes
1250 2086 1413 2120 liberales
1432 2086 1563 2119 minore

191 2144 361 2187 dignitate
386 2150 530 2188 coeptae
557 2145 626 2179 sint
651 2146 784 2188 haberi,
809 2146 923 2179 nescio
949 2155 992 2178 an
1019 2156 1097 2179 cum
1124 2144 1194 2178 alia
1225 2150 1299 2178 tum
1324 2145 1390 2178 hoc
1414 2144 1564 2177 alicuius

190 2201 298 2236 fuerit
321 2203 505 2246 momenti,
540 2203 632 2247 quod
666 2213 684 2236 e
710 2203 889 2237 Posidonii
922 2203 1142 2246 temporibus
1173 2203 1209 2236 in
1234 2202 1311 2245 ipsa
1334 2201 1563 2245 philosophia

196 2259 267 2293 illis
291 2259 484 2303 disciplinis
509 2260 609 2293 locus
633 2260 876 2302 tribuebatur3
904 2259 946 2293 cf.
967 2260 1084 2293 Senec.
1109 2270 1163 2302 ep.
1189 2261 1244 2302 88,
1269 2261 1324 2302 21,
1348 2260 1409 2301 24;
1447 2258 1564 2292 Zeller

192 2316 247 2349 III
274 2319 289 2349 1
318 2327 352 2359 p.
378 2319 461 2359 577,
493 2317 572 2351 adn.
599 2319 630 2352 3.
678 2318 768 2351 Tum
795 2318 884 2351 enim
909 2322 1179 2351 consentaneum
1207 2322 1283 2350 erat
1308 2317 1478 2358 existere,
1503 2315 1562 2359 qui

192 2379 364 2416 quantum
381 2374 610 2418 philosophia
626 2375 769 2408 moralis
785 2374 854 2407 illis
874 2374 1064 2417 disciplinis
1081 2372 1314 2416 praeferenda
1331 2377 1432 2416 esset,
1449 2382 1564 2406 mone-

192 2435 269 2464 rent
294 2431 422 2474 quique
447 2432 739 2472 adhortarentur,
774 2442 816 2465 ne
840 2431 909 2465 illis
934 2431 1039 2465 rebus
1069 2430 1251 2465 studentes
1284 2440 1388 2464 verae
1412 2429 1564 2473 philoso-

192 2487 297 2530 phiae
322 2498 384 2523 nos
410 2499 551 2532 operam
577 2489 662 2523 dare
688 2489 924 2532 opinaremur.

309 2545 335 2588 3)
362 2546 588 2589 Comparatio
614 2547 823 2581 eruditionis
856 2552 891 2580 et
921 2547 1037 2581 viatici
1062 2546 1203 2581 Cebetis
1236 2546 1382 2590 propria
1406 2556 1474 2579 non
1501 2551 1564 2580 est.

194 2602 244 2636 Cf.
278 2602 375 2636 Stob.
410 2605 505 2647 3‚73‚
539 2604 599 2637 ubi
624 2604 691 2638 hoc
725 2604 893 2638 tribuitur
919 2603 1068 2638 Socrati:
1105 2598 1124 2637 ὁ
1157 2600 1343 2647 φρόνιμος
1367 2598 1488 2647 ὥσπερ
1513 2601 1566 2642 εἰς

193 2653 286 2693 ὁδὸν
312 2658 365 2699 εἰς
396 2656 462 2694 τὸν
499 2661 583 2706 βίον
617 2656 663 2695 οὗ
696 2657 742 2694 τὰ
774 2661 913 2695 πολλοῦ
940 2656 1028 2703 ἄξια
1062 2662 1281 2705 συντίθησιν
1311 2657 1448 2705 ἐφόδια
1473 2656 1564 2695 ἄλλα

174 2707 238 2751 χτοὶ
264 2711 550 2761 ἀναγκαιότερα.
594 2719 677 2754 Bias
695 2720 789 2763 apud
806 2719 906 2763 Diog.
923 2719 962 2754 L.
982 2721 999 2754 I
1015 2722 1074 2755 88:
1102 2716 1261 2764 ἐφόδιον
1287 2715 1360 2754 ἀπὸ
1388 2716 1565 2764 νεότητος
