1888 3170
733 221 782 226 m.
848 201 1016 239 61.-

187 312 338 354 fectum
370 324 473 355 esse.
536 311 703 354 Etenim
734 324 783 353 ea
813 317 951 354 aetate
984 312 1025 353 id
1055 312 1192 365 potius
1225 310 1360 363 egisse
1383 310 1556 361 Stoicos,

186 390 233 427 ut
253 387 539 438 praeciperent
561 386 610 426 de
632 386 716 426 vita
738 391 847 427 recte
869 386 1135 437 instituenda,
1165 398 1289 438 quam
1312 390 1358 426 ut
1378 385 1556 439 physicis

185 463 228 502 et
259 460 401 512 logicis
432 459 744 512 quaestionibus
775 459 921 501 darent
943 472 1122 513 operam.
1172 460 1250 500 His
1272 458 1557 512 philosophiae

184 535 374 586 partibus
396 546 486 575 cum
510 533 762 585 Chrysippus
784 534 937 585 quique
959 539 1052 585 post
1074 547 1166 575 eum
1188 533 1357 575 fuerunt
1379 533 1556 574 maxime

183 608 431 659 studuerint,
463 606 551 649 fieri
585 619 665 647 uon
698 619 831 659 posse,
864 609 961 659 quin
996 611 1092 648 ante
1120 607 1338 660 Chrysippi
1370 613 1556 659 tempora

182 681 385 722 Tabulam
430 681 700 733 compositam
747 693 835 722 esse
877 682 1160 724 existimemus
1175 682 1217 733 ¹).
1289 682 1379 732 Qua
1425 683 1467 722 in
1509 694 1554 722 re

181 756 448 796 vehementer
479 768 502 796 a
533 755 737 796 Schabero
769 755 984 796 dissentio.
1035 755 1154 805 Quod
1185 756 1294 797 enim
1326 756 1425 797 dicit
1456 758 1554 796 ante

182 827 460 882 Chrysippum
510 830 552 869 in
592 829 681 870 sola
721 829 868 870 morali
906 829 1191 881 philosophiae
1231 834 1347 883 parte
1392 829 1552 871 Stoicos

179 907 365 944 versatos
397 915 487 944 esse
517 903 843 955 litterarumque,
877 916 982 956 quae
1002 903 1054 944 ad
1076 907 1187 944 recte
1207 904 1426 945 vivendum
1448 903 1552 945 nihil

178 977 439 1028 prodessent,
482 977 829 1029 contemptionem
872 990 972 1029 prae
1012 989 1054 1018 se
1085 977 1248 1029 tulisse,
1290 978 1393 1019 nihil
1424 979 1549 1019 statui

176 1055 342 1102 poterat
383 1052 631 1103 perversius.
694 1051 804 1091 Zeno
848 1051 919 1091 ille
962 1051 1128 1102 quidem
1160 1074 1212 1080 —
1245 1056 1291 1093 ut
1328 1052 1551 1094 memoriae

176 1125 357 1177 prodidit
390 1126 596 1178 Diogenes
618 1125 811 1166 Laertius
843 1125 923 1166 VlI
943 1128 993 1166 32
1026 1150 1080 1154 —
1114 1139 1138 1166 a
1169 1126 1377 1167 nonnullis
1410 1139 1547 1178 repre-

175 1199 328 1240 hensus
369 1203 450 1251 est,
491 1200 600 1252 quod
645 1199 687 1239 in
730 1199 835 1239 libro
875 1211 966 1250 suo,
1008 1200 1077 1251 qui
1118 1203 1207 1241 erat
1245 1200 1294 1240 de
1324 1200 1548 1251 republica,

175 1273 363 1314 inutilem
394 1274 567 1315 dixisset
598 1273 886 1314 eruditionem.
934 1273 1014 1315 Sed
1046 1286 1124 1325 quo
1146 1277 1332 1325 tempore
1352 1273 1421 1314 ille
1442 1273 1549 1314 liber

175 1348 428 1399 compositus
469 1351 551 1398 est,
600 1346 780 1388 Cratetis
822 1348 891 1388 ille
931 1348 1144 1389 etiamtum
1190 1352 1281 1389 erat
1323 1347 1547 1399 discipulus

173 1433 306 1473 neque
356 1421 588 1463 Xenocrate
633 1423 696 1464 vel
744 1422 967 1463 Polemone
1017 1433 1114 1462 usus
1157 1425 1246 1461 erat
1290 1419 1545 1472 magistr02).

175 1495 278 1537 Cum
312 1508 406 1536 vero
430 1495 607 1548 Cynicus
640 1508 730 1536 esse
752 1496 941 1536 desiisset
963 1507 1175 1548 novaeque
1207 1495 1371 1536 scholae
1402 1499 1547 1536 auctor

173 1570 427 1621 exstitisset,
479 1569 600 1621 longe
640 1570 762 1611 aliam
794 1571 882 1610 eius
914 1569 1040 1611 fuisse
1071 1571 1319 1611 sententiam
1364 1569 1545 1610 declarat

171 1644 392 1685 multitudo
432 1644 681 1696 placitorum
714 1645 800 1683 eius
832 1644 883 1684 ad
914 1644 1109 1698 physicen
1153 1648 1194 1685 et
1224 1644 1385 1696 logicen
1416 1644 1543 1695 perti-

170 1719 357 1760 nentium
368 1716 414 1769 3).
463 1718 588 1758 Cuius
619 1718 862 1759 mutationis
894 1729 1018 1758 causa
1040 1719 1148 1760 haud
1179 1719 1262 1759 scio
1285 1730 1337 1758 an
1359 1731 1383 1758 a
1404 1717 1542 1758 Xeno-

169 1793 293 1833 cratis
324 1793 387 1833 vel
410 1792 646 1833 Polemonis
679 1791 940 1833 institutione
960 1793 1187 1844 repetenda
1210 1792 1277 1833 sit.
1323 1792 1385 1831 De
1406 1792 1542 1832 Xeno-

168 1870 279 1907 crate
321 1866 487 1918 quidem
527 1867 629 1907 haec
661 1866 836 1916 legimus
874 1867 983 1918 apud
1015 1867 1237 1908 Stobaeum
1280 1866 1355 1917 (IV
1387 1878 1425 1917 p.
1460 1869 1540 1906 205

283 2014 310 2058 1)
335 2014 490 2049 Schaber
514 2014 536 2048 l.
563 2014 583 2047 l.
609 2025 646 2057 p.
671 2015 726 2048 44.

282 2072 308 2114 ²)
336 2071 387 2105 Cf.
414 2071 515 2113 Diog.
542 2071 659 2106 Laert.
688 2071 754 2104 VII
779 2073 810 2105 4.
860 2071 1062 2106 Wellmann
1094 2071 1129 2104 in
1156 2071 1375 2105 Fleckeiseni
1406 2071 1540 2105 annali—

167 2129 233 2163 bus
263 2130 349 2163 1873
374 2140 407 2172 p.
433 2131 511 2163 437.
563 2128 667 2172 (Num
693 2129 925 2163 Xenocraten]
958 2128 1123 2172 audierit,
1157 2139 1226 2163 non
1260 2130 1347 2163 satis
1371 2133 1538 2172 constat.;

166 2187 208 2221 cf.
235 2187 352 2220 Zeller
377 2187 431 2220 III
458 2189 487 2230 1,
512 2188 556 2220 27
580 2198 613 2220 n.
639 2188 684 2229 4.)

276 2243 310 2287 3)
337 2243 386 2277 Cf.
412 2243 615 2277 Wellmann
641 2243 663 2277 1.
690 2243 712 2277 l.
739 2245 820 2277 406:
873 2243 953 2277 Wie
976 2243 1036 2277 der
1069 2243 1276 2286 Begri'mder
1309 2244 1370 2278 des
1395 2243 1537 2278 Stoicis-

163 2311 239 2334 mus
266 2300 321 2334 die
345 2301 592 2343 Einseitigkeit
617 2300 688 2334 und
715 2300 1071 2343 Abgeschlossenheit
1105 2301 1167 2334 der
1201 2301 1393 2345 kynischen
1424 2301 1536 2335 Moral

164 2357 304 2401 ausgab,
332 2368 370 2391 so
389 2358 539 2400 drangte
556 2358 616 2391 ihn
642 2357 737 2391 nicht
755 2357 888 2391 minder
915 2357 968 2391 ein
987 2357 1162 2392 lebhaftes
1180 2357 1535 2392 wissenschaftliches

164 2414 377 2457 Bedurfniss,
402 2414 514 2448 neben
540 2415 617 2448 dem
642 2414 872 2458 praktischen
892 2414 989 2448 Teile
1015 2414 1076 2448 der
1096 2414 1321 2457 Philosophie
1348 2414 1414 2448 den
1439 2415 1535 2449 theo-

161 2471 336 2505 retischen
374 2471 470 2505 nicht
507 2472 732 2515 unangebaut
769 2482 812 2504 zu
849 2472 975 2505 lassen.
1014 2492 1051 2496 —
1081 2472 1133 2505 De
1169 2471 1322 2505 Zenonis
1358 2481 1466 2514 opera
1499 2472 1534 2505 in

162 2528 315 2572 physicis
334 2528 599 2572 quaestionibus
618 2534 826 2572 consumpta
843 2528 884 2562 cf.
904 2528 1031 2562 ibidem
1057 2539 1090 2572 p.
1109 2529 1306 2569 466—490;
1335 2528 1535 2572 Weygoldt,

160 2586 254 2619 Zeno
287 2596 317 2618 v.
345 2585 487 2619 Cittium
523 2597 545 2619 u
591 2587 685 2620 seine
710 2585 841 2630 Lehre,
873 2586 964 2619 Jena
998 2587 1084 2619 1872
1119 2596 1153 2628 p.
1182 2586 1325 2619 157-36.
1374 2585 1409 2619 Si
1440 2591 1533 2620 reete

160 2642 405 2686 Weygoldtius
427 2643 551 2677 statuit
575 2643 609 2677 in
629 2643 729 2686 Diog.
749 2643 817 2676 VII
833 2644 970 2677 41-48
985 2653 1055 2677 non
1078 2644 1151 2676 fere
1168 2643 1281 2677 inesse
1300 2642 1364 2676 nisi
1383 2642 1532 2678 Zenonis

159 2698 335 2743 dogmata,
359 2699 548 2743 plurimum
574 2701 670 2735 Zeno
695 2699 765 2734 illis
790 2699 985 2743 disciplinis
1010 2700 1142 2734 tribuit.
