1888 3170
688 212 994 250 —117—

155 322 238 363 illis
270 321 401 364 Cebes
434 323 511 364 hac
544 325 583 365 111
622 336 666 365 re
704 331 941 376 separetur,
984 326 1050 366 vix
1086 325 1303 377 quisquam
1342 324 1525 375 negabit.

156 396 289 437 Aliter
310 397 358 438 de
379 398 598 440 verborum
622 399 892 450 supellectile,
916 400 956 440 in
979 411 1101 451 quam
1125 410 1235 439 nunc
1256 399 1525 450 inquiremus,

155 471 418 512 statuendum
452 472 542 513 erit.

269 546 498 597 Vocabula,
546 558 652 598 quae
699 547 808 598 apud
855 547 1078 599 scriptores
1126 546 1268 588 Cebeti
1315 546 1525 588 Socratico

152 620 349 670 aequales
381 624 454 660 aut
483 620 620 661 rarius
659 623 733 661 aut
771 621 937 661 omnino
975 633 1056 662 non
1096 621 1384 669 inveniuntur,
1422 620 1526 661 haec

153 696 262 733 sunt.
277 694 308 741 l)

267 761 524 819 ἄβεβαίως
556 767 612 818 (7,
627 767 668 818 2)
691 768 801 820 apud
822 768 1098 809 Menandrum
1130 769 1308 821 primum
1332 769 1524 821 occurrit,

151 841 267 883 cuius
305 842 441 883 locum
479 841 532 883 ad
570 842 700 883 nostri
745 843 996 884 sententiam
1038 844 1222 895 proxime
1260 843 1523 885 accedentem

150 915 414 967 transcripsit
441 915 643 957 Stobaeus
675 915 763 958 flor.
786 917 849 958 tit.
879 921 970 967 105,
991 920 1055 968 28,
1089 930 1127 969 p.
1152 921 1204 959 23
1238 918 1360 959 Mein.
1395 919 1434 958 εἰ
1452 917 1524 959 καὶ

151 984 307 1041 σφόδρ’
342 985 522 1042 εὐπορεῖ
550 986 648 1043 γὰρ,
681 985 894 1043 ἄβεβαίως
922 993 1081 1047 τρυφᾷ,
1113 987 1161 1032 τὸ
1185 994 1259 1045 τῆς
1278 991 1410 1046 τύχης
1440 988 1524 1045 γὰρ

150 1063 288 1116 ῥεῦμα
317 1066 566 1116 μεταπίπτει
588 1062 708 1118 ταχύ.
767 1066 828 1106 Ne
857 1066 1109 1108 adjectivum
1132 1067 1297 1119 quidem
1320 1061 1525 1119 ἀβέβαιος

149 1143 246 1180 ante
267 1139 508 1180 Aristotelis
532 1144 714 1181 aetatem
745 1141 786 1181 in
821 1153 895 1182 usu
918 1140 1008 1182 fuit.
1066 1141 1235 1183 Praeter
1257 1141 1522 1183 Aristotelem

149 1218 190 1253 et
238 1213 515 1254 Menandrum
564 1208 769 1267 ἀβέβαιος
828 1215 1082 1257 adhibebant
1131 1215 1345 1268 Polybius,
1391 1215 1524 1266 Philo,

147 1287 368 1337 Lucianus,
401 1288 664 1330 Plutarchus.

262 1357 651 1411 ἀκαλλώπιστος
683 1362 830 1415 (18,1).
882 1364 995 1405 Libri
1019 1376 1161 1406 omnes
1184 1365 1369 1417 (praeter
1394 1364 1448 1415 B,
1481 1365 1521 1405 111

146 1448 226 1488 quo
258 1437 440 1479 secunda
468 1450 615 1479 manus
637 1435 946 1491 καλλωπισμόν
968 1440 1146 1480 mutavit
1176 1439 1218 1479 in
1250 1433 1522 1480 ἀκαλλώπισ-

146 1525 237 1561 τον,
255 1512 363 1563 quod
386 1511 561 1554 Wolfius
579 1512 819 1554 coniectura
842 1518 1057 1555 assecutus
1079 1513 1174 1566 est,)
1200 1509 1521 1566 καλλωπισμόν.

145 1584 224 1626 Sed
256 1589 426 1638 propter
457 1587 560 1628 illud
591 1602 634 1628 τε
665 1592 760 1640 post
791 1582 934 1642 ἁπλῆν
965 1587 1145 1641 positum
1169 1588 1419 1630 adiectivum
1453 1589 1521 1630 de-

145 1659 366 1702 sideratur.
437 1663 586 1715 Itaque
625 1661 763 1704 Wolfii
805 1663 1087 1705 coniecturam
1125 1663 1268 1716 probo.
1307 1687 1363 1692 —
1394 1659 1521 1704 ἀκαλ-

144 1730 358 1784 mutatos
394 1748 475 1776 non
513 1737 724 1778 invenitur
761 1738 842 1779 nisi
874 1737 982 1790 apud
1021 1738 1286 1789 recentiores,
1319 1751 1340 1780 e
1371 1737 1521 1790 quibus

143 1821 191 1850 eo
229 1810 290 1850 usi
324 1815 422 1852 sunt
459 1810 599 1861 Philo,
642 1811 909 1864 Plutarchus,
955 1813 1173 1855 Lucienus.
1248 1813 1521 1854 Substantiva

143 1880 441 1936 καλλώπισμα,
472 1883 790 1938 καλλωπισμός,
823 1888 993 1929 verbum
1017 1889 1267 1938 καλλωπίζω
1290 1901 1314 1929 a
1345 1888 1520 1929 Platone

143 1970 222 1999 11011
256 1963 352 2000 sunt
383 1959 530 2000 aliena.

259 2028 656 2087 (ἀμετάβλητος,
689 2035 797 2088 quod
820 2036 860 2076 in
884 2036 1136 2078 editionibus
1158 2037 1311 2088 legitur
1335 2039 1443 2087 322,
1477 2037 1518 2077 in

144 2108 420 2150 deterioribus
461 2109 576 2151 codd.
617 2114 767 2151 exstat.
835 2110 1038 2163 Equidem
1078 2124 1127 2152 ex
1170 2111 1210 2151 V
1235 2111 1387 2163 recipio
1419 2105 1519 2163 ἆμε-
1585 2108 1588 2111 ’

140 2181 407 2235 ταμέλητος).

257 2252 574 2311 ἀνακάμπτει)
613 2272 661 2301 ea
693 2261 877 2311 notione,
916 2273 1023 2312 quae
1060 2262 1096 2302 ei
1133 2261 1276 2303 subest
1315 2264 1409 2312 27,3
1441 2262 1518 2313 bis,

143 2399 263 2447 ὥσπερ
290 2404 395 2439 vicies
422 2405 580 2450 obvenit,
607 2402 783 2450 καθάπερ
810 2408 1004 2452 quinquies.
1056 2406 1124 2447 ἕως
1149 2417 1182 2442 ct
1208 2407 1313 2452 μέχρι
1337 2414 1410 2442 tam
1436 2420 1516 2444 raro

143 2463 388 2506 reperiuntur,
414 2468 453 2496 ut
480 2470 597 2496 utrum
623 2468 747 2498 auctor
771 2465 1001 2508 praetulerit,
1027 2466 1083 2499 vix
1108 2466 1219 2509 possit
1245 2466 1408 2509 discerni3
1448 2460 1518 2506 ἕως

141 2519 229 2553 enim
257 2524 322 2563 ter,
349 2517 453 2563 μέχρι
480 2520 531 2554 1115
556 2521 589 2553 111
617 2530 717 2554 11511111
743 2527 824 2555 sunt
849 2527 983 2557 vocata.

258 2588 286 2621 1·
318 2587 423 2622 Uncis
448 2589 579 2624 inclusa
607 2600 648 2624 ea
682 2589 817 2634 addidi,
857 2602 946 2634 quae
971 2591 1014 2626 ad
1041 2598 1197 2627 nostram
1225 2592 1516 2636 disceptationem

139 2645 226 2679 nihil
252 2644 405 2680 afferunt
423 2647 599 2690 momenti,
624 2648 691 2689 sed,
719 2658 795 2682 curn
815 2648 893 2682 aliis
910 2649 1143 2692 suspicionem
1162 2649 1320 2693 fecerint,
1348 2650 1404 2685 hic
1427 2657 1516 2686 trac-

138 2703 245 2737 tanda
269 2709 359 2736 suut.
