1888 3170
707 177 989 214 —55—

168 287 210 328 id
240 287 502 338 potissimum
534 290 694 338 monet,
728 286 945 339 disciplina
982 288 1069 339 illa,
1113 299 1193 339 qua
1224 287 1383 329 animus
1414 298 1534 338 prae-

164 365 331 413 paretur
363 362 412 402 ad
443 360 747 414 philosophiam
780 361 1079 413 accipiendam,
1119 373 1220 413 opus
1252 373 1362 412 esse,
1403 359 1531 402 Cebes

166 434 240 476 hoc
282 435 461 476 maxime
503 434 726 476 tenendum
774 446 861 475 esse
903 435 1129 485 existimat,
1172 435 1338 477 illarum
1381 434 1533 476 artium

171 507 353 549 studium
384 521 457 560 per
488 521 531 550 se
562 509 696 560 ipsum
728 507 846 549 nihili
878 520 982 550 esse.

279 581 343 622 Ex
383 582 457 623 hoc
500 583 650 624 iudicio
691 581 740 623 de
784 582 1017 623 litterarum
1059 583 1195 625 studio
1236 583 1398 635 prolato
1438 582 1535 633 quid

166 659 441 708 consequatur
472 656 520 697 de
552 656 731 698 auctoris
764 659 876 698 secta
908 660 947 697 et
979 661 1117 698 aetate
1149 657 1389 708 priusquam
1410 667 1536 708 quae-

166 742 320 781 ramus,
345 729 572 781 videamus,
601 742 801 782 quasnam
825 731 1066 783 disciplinas
1088 732 1177 773 eius
1199 730 1407 772 sententia
1428 728 1536 770 falsa

166 804 344 845 eruditio
367 803 702 856 comprehendat.
736 805 960 847 Hedonicis
982 809 1024 846 et
1037 805 1339 856 Peripateticis,
1362 814 1535 855 quorum

166 878 545 919 commemorationi
568 878 633 919 hic
655 879 788 920 locum
820 891 901 919 non
934 890 1025 920 esse
1056 891 1181 931 supra
1202 891 1241 931 p.
1266 882 1318 919 22
1342 877 1534 928 vidimus,

166 952 327 994 omissis
360 952 651 1004 relinquuntur
682 955 849 1004 poetae,
883 953 1090 1003 rhetores,
1123 952 1345 1002 dialectici,
1377 952 1535 1003 musici,

166 1026 433 1073 arithmetici,
469 1030 719 1078 geometrae,
757 1027 975 1079 astrologi,
1014 1026 1158 1068 critici.
1221 1027 1275 1068 Hi
1313 1030 1471 1079 autem,
1504 1026 1536 1067 si

166 1101 314 1142 missos
338 1100 438 1141 facis
461 1103 622 1151 poetas,
645 1105 741 1142 sunt
763 1102 956 1143 tritarum
979 1102 1159 1151 illarum,
1182 1112 1285 1152 quas
1307 1100 1537 1154 ἐγκυκλίου

165 1175 362 1222 παιδείας
386 1174 553 1215 nomine
578 1175 797 1227 designare
819 1176 979 1227 antiqui
999 1175 1200 1225 solebant,
1224 1175 1536 1227 disciplinarum

166 1248 351 1289 studiosi.
396 1248 581 1298 Quarum
605 1249 716 1290 orbis
740 1261 819 1291 non
843 1254 940 1290 ante
962 1249 1334 1290 Alexandrinorum
1356 1252 1538 1290 aetatem

166 1321 377 1364 confectus
409 1326 473 1364 est
495 1328 536 1364 et
558 1324 786 1365 absolutus.
835 1324 899 1365 Ex
918 1323 1205 1375 Xenophontis
1237 1323 1348 1364 illius
1374 1323 1537 1375 quidem

166 1396 475 1438 commentariis
505 1397 580 1448 (IV
604 1400 647 1447 7)
680 1402 853 1449 apparet
885 1399 1037 1438 inultos
1071 1397 1252 1439 Socratis
1283 1397 1539 1448 temporibus

166 1483 334 1523 operam
384 1471 542 1512 dedisse
591 1472 870 1523 geometriae,
921 1471 1190 1523 astrologiae,
1252 1471 1539 1512 arithmeticae

167 1545 399 1596 nimiosque
433 1544 614 1586 Socratis
637 1547 846 1587 sententia
870 1547 911 1586 in
937 1546 1006 1587 illo
1030 1545 1165 1587 studio
1188 1545 1324 1586 fuisse.
1374 1544 1493 1586 Plato
1507 1543 1536 1596 ¹)

167 1618 406 1671 disciplinas
424 1620 627 1670 quasdam
659 1623 886 1671 enumerat,
919 1632 1025 1672 quae
1057 1620 1110 1660 ad
1142 1620 1417 1661 eruditionem
1448 1631 1539 1671 pei·-

165 1693 339 1735 tineant.
372 1693 451 1734 Sed
465 1706 668 1747 nusquam
682 1706 814 1746 neque
832 1694 940 1745 apud
952 1693 1268 1746 Xenophontem
1284 1704 1415 1745 neque
1430 1693 1540 1745 apud

166 1766 384 1808 Platonem
396 1771 534 1809 certus
546 1768 712 1819 quidam
728 1772 1072 1810 commemoratur
1087 1767 1398 1820 disciplinarum
1414 1766 1540 1818 orbis,

166 1841 316 1894 quibus
338 1842 456 1893 pueri
478 1842 657 1884 debeant
678 1843 854 1893 instrui,
886 1854 1074 1895 quaeque
1098 1842 1217 1883 Plato
1240 1842 1459 1891 desiderat,
1493 1854 1541 1882 ea

168 1915 381 1967 pauciores
408 1916 692 1957 adulescentes
717 1916 984 1967 elegantioris
1009 1916 1222 1958 doctrinae
1249 1916 1436 1965 studiosi,
1460 1927 1541 1956 non

167 1989 285 2030 liberi
318 2001 459 2031 omnes
489 1991 682 2032 videntur
705 1990 889 2031 tenuisse
903 1989 948 2041 2).
1012 1990 1258 2032 Aristoteles
1275 1990 1422 2031 deinde
1438 1991 1539 2041 (rep.

169 2063 270 2105 VIII
285 2064 328 2115 2)
350 2068 547 2117 quattuor
562 2065 636 2106 has
649 2076 714 2105 res
733 2063 851 2105 docet
870 2064 990 2115 vulgo
1012 2076 1159 2116 pueros
1183 2064 1386 2114 didicisse,
1404 2075 1542 2115 gram-

167 2138 379 2189 maticam,
413 2140 733 2192 gymnasticnm,
766 2139 988 2189 musicam,
1022 2139 1276 2191 graphicam,
1309 2138 1415 2179 hanc
1444 2148 1541 2178 vero

172 2225 196 2252 a
228 2213 439 2254 nonnullis
471 2225 561 2254 esse
592 2214 802 2254 reiectam.
851 2212 926 2253 His
959 2213 1048 2264 ipse
1074 2212 1318 2255 Aristoteles
1351 2211 1542 2262 adiungit

168 2285 521 2338 mathematicam,
555 2288 829 2339 dialect-icam,
862 2287 1124 2328 rhetoricam.
1185 2286 1221 2327 E
1253 2286 1404 2338 quibus
1427 2297 1541 2339 gym-

286 2435 312 2477 ¹)
341 2434 486 2469 Theaet.
515 2436 633 2477 145a;
659 2435 750 2469 civit.
776 2435 810 2468 II
836 2435 901 2468 376
913 2444 941 2468 e.

288 2497 312 2538 ²)
341 2503 379 2531 ut
405 2502 501 2531 recte
526 2508 666 2532 monere
696 2498 780 2531 mihi
806 2497 946 2531 videtur
973 2498 1132 2539 Cramer,
1159 2496 1368 2531 Geschichte
1403 2496 1435 2530 d.
1462 2496 1543 2530 Erz.

169 2565 203 2588 u.
239 2554 270 2587 d.
308 2554 448 2589 Untcrr.
486 2556 532 2589 im
565 2556 779 2590 Altertuml
814 2566 846 2599 p.
874 2556 949 2589 348.
1000 2554 1201 2590 Chalcidius
1236 2558 1352 2588 autem
1392 2554 1439 2596 (in
1475 2553 1544 2588 fine

171 2622 293 2646 comm.
320 2612 354 2645 in
382 2612 484 2655 Tim.)
510 2623 561 2657 ea,
587 2623 677 2656 quae
702 2614 814 2657 ipsius
840 2618 957 2647 aetate
976 2612 1120 2657 fiebant,
1145 2612 1190 2647 ad
1208 2612 1367 2646 Platonis
1386 2616 1544 2656 tempora

160 2669 310 2723 'videtur
335 2670 567 2705 transtulisse.
