1888 3170
877 169 1002 206 ἡ48

292 282 405 323 locus
438 282 681 322 obversatus
714 280 780 329 sit,
813 291 904 320 cum
936 280 1039 320 haec
1069 279 1271 320 scriberet
1294 278 1496 330 (Menipp.
1519 291 1557 331 p.
1582 281 1664 319 200

292 355 379 395 Jac.
399 358 479 394 477
500 353 600 405 sq.):
634 356 743 394 ε’νιοι
767 351 815 393 δὲ
845 348 916 394 ὑπ’
951 348 1270 406 ἀγνωμοσύνης
1302 347 1479 392 ἐπειδὰν
1509 347 1665 406 ἀπαιτῇ

294 424 372 468 τὸν
404 423 571 480 κόσμον
604 427 811 468 ἐπιστᾶσα
845 421 867 479 ἡ
907 424 1022 480 Τύχη
1056 423 1275 480 ἄχθονταί
1302 440 1344 466 τε
1374 423 1445 466 καὶ
1477 420 1666 478 ἀγανακ-

293 503 449 541 τοῦσιν
494 497 638 553 ὥσπερ
679 502 852 541 οἰκείων
893 502 1027 541 τινῶν
1071 497 1397 553 στερισκόμενοι
1429 497 1501 539 καὶ
1533 494 1613 551 οὐχ
1641 493 1667 539 οἳ

293 570 402 626 πρὸς
449 569 600 627 ὀλίγον
647 571 886 627 ἐχρήσαντο
934 569 1233 623 ἀποδιδόντες.
1312 573 1526 614 Plutarchi
1571 586 1667 613 vero

296 648 330 688 is
363 648 499 698 locus,
547 649 617 700 qui
662 654 725 688 est
771 660 880 689 cons.
928 648 980 688 ad
1019 648 1153 699 Apoll.
1194 652 1268 689 116
1307 653 1391 688 tum
1425 647 1572 688 similis
1605 651 1667 686 est

298 722 460 763 Cebetis
492 721 648 773 verbis,
691 726 737 762 ut
780 722 847 762 vix
891 722 967 762 tibi
999 722 1249 773 persuadeas·
1282 734 1362 762 non
1397 724 1469 762 aut
1502 719 1670 761 Cebetis

296 797 368 836 ilia
399 795 640 846 Plutarcho,
674 800 746 836 aut
777 795 1028 836 Plutarchea
1061 795 1205 836 Cebeti
1238 800 1336 836 nota
1370 794 1510 835 fuisse.
1573 793 1667 834 Plu-

298 870 470 910 tarchus
502 870 611 910 enim
642 874 860 921 postquam
894 869 943 910 de
974 869 1185 921 Euripidis
1219 869 1290 910 illo
1321 869 1555 910 admonuit:
1618 861 1667 907 τὰ

299 940 495 996 χρήματα
528 938 609 984 οὐκ
641 944 731 984 ἴδια
762 942 990 996 κέκτηνται
1021 945 1193 995 βροτοί,
1226 944 1285 984 sic
1315 944 1474 996 pergit:
1521 935 1574 983 οὐ
1607 941 1677 981 δεῖ

299 1008 385 1057 οὖν
408 1017 666 1070 δυσφορεῖν,
696 1011 771 1057 ἐὰν
794 1012 819 1056 ἃ
845 1012 1037 1070 ’.ἔχρησαν
1064 1011 1169 1070 ἡμῖν
1199 1013 1308 1070 πρὸς
1337 1013 1502 1070 ὀλίγον,
1534 1021 1670 1060 ταῦτα

300 1086 543 1131 ἀπαιτῶσιν
565 1102 571 1108 ·
591 1085 694 1131 οὐδὲ
735 1085 820 1143 γὰρ
852 1091 896 1131 οἱ
923 1093 1188 1142 τραπεζῖται,
1220 1088 1421 1144 καθάπερ
1458 1088 1676 1146 εἰώθαμεν

299 1164 443 1217 λέγειν
463 1162 683 1216 πολλάκις,
707 1159 1021 1217 ἀπαιτούμενοι
1043 1160 1094 1205 τὰ
1116 1164 1286 1217 θέματα
1308 1167 1676 1218 δυσχεραίνουσιν

301 1237 369 1279 ἐπὶ
401 1241 451 1292 τῇ
485 1234 718 1290 ἀποδόσει,
759 1235 917 1291 ἐάνπερ
954 1234 1268 1292 εἰγνωμονώσι
1291 1249 1300 1257 ”
1323 1234 1431 1290 πρὸς
1461 1235 1545 1293 γὰρ
1575 1236 1679 1289 τοὺς

303 1307 383 1353 οὐκ
429 1307 629 1366 εὐμαρῶς
673 1307 969 1360 ἀποδιδόντας
1012 1309 1187 1360 εἰκότως
1223 1309 1278 1353 ἄν
1315 1328 1379 1361 τις
1418 1316 1531 1353 εἴποι
1553 1323 1562 1332 ·
1586 1312 1677 1354 ἐπε-

302 1383 447 1426 λάθου
480 1383 546 1426 ὅτι
577 1381 695 1427 ταῦτ’
729 1388 878 1438 ε”λαβες
910 1384 977 1427 ἐπὶ
1008 1387 1067 1442 τῷ
1101 1381 1362 1427 ἀποδοῦναι.

418 1459 627 1512 Sapientis
660 1460 788 1510 igitur
831 1464 893 1500 est
926 1471 1058 1511 neque
1089 1460 1293 1511 gaudere,
1333 1460 1367 1500 si
1409 1460 1584 1512 adeptus
1615 1466 1681 1503 est

304 1534 410 1575 bona
443 1533 647 1585 fortunae,
681 1546 814 1585 neque
847 1533 997 1584 dolere,
1031 1533 1064 1575 si
1097 1534 1250 1585 amisit,
1286 1534 1369 1584 sed,
1402 1537 1448 1574 ut
1478 1538 1575 1574 utar
1602 1534 1678 1575 Ce-

304 1608 410 1649 betis
463 1608 621 1658 verbis,
673 1611 798 1656 ἰσους
847 1609 1087 1660 νγίγνεσθαι
1136 1603 1245 1659 πρὸς
1289 1603 1364 1655 τὰς
1411 1602 1508 1659 παρ’
1549 1603 1682 1660 αὐτῆς

305 1681 397 1735 (τῆς
457 1678 614 1735 Τύχης)
671 1678 833 1732 δόσεις,
879 1696 910 1721 c.
966 1684 1074 1732 31‚2.
1165 1681 1254 1722 Hoc
1307 1682 1396 1723 loco
1452 1682 1487 1723 is
1538 1682 1680 1732 codex,

305 1768 425 1808 quem
472 1755 513 1796 in
561 1756 789 1808 posteriore
832 1755 954 1795 huius
996 1755 1091 1795 libri
1123 1760 1244 1807 parte
1281 1756 1500 1796 verborum
1542 1767 1683 1796 recen-

307 1829 525 1870 sendoruin
573 1841 760 1870 normam
807 1840 898 1870 esse
944 1828 1092 1869 debere
1138 1829 1407 1876 Muellerus¹)
1458 1829 1557 1870 mihi
1589 1842 1682 1880 per-

307 1904 460 1955 suasit,
508 1904 562 1953 V,
608 1903 781 1954 praebet
825 1906 947 1950 ι”σους
991 1904 1243 1955 γίγνεσθαι,
1290 1902 1340 1954 C,
1378 1904 1419 1943 in
1461 1916 1540 1956 quo
1580 1903 1684 1945 Dro-

308 1977 454 2018 sihnus
487 1977 601 2017 nisus
628 1981 691 2018 est
722 1977 765 2017 in
795 1980 912 2018 textu
945 1977 1187 2028 posterioris
1218 1977 1350 2028 partis
1381 1977 1682 2027 constituendo,

309 2051 476 2091 exhibet
508 2047 680 2103 ἤτῑους,
714 2050 820 2090 unde
853 2050 1086 2091 Drosihnus
1109 2050 1346 2091 coniectura
1370 2055 1587 2092 assecutus
1621 2055 1684 2093 est

309 2120 563 2178 ἀηττήτους.
628 2122 916 2176 Muellerus·2)‚
950 2136 1040 2164 cum
1065 2124 1107 2164 in
1141 2124 1280 2164 codice
1312 2130 1405 2176 post
1438 2128 1561 2173 ἴσους
1592 2127 1684 2178 γίγ-

310 2203 468 2239 νεσθαι
507 2199 615 2240 desit
652 2196 745 2249 καὶ,
785 2197 886 2238 illud
925 2201 1047 2245 ἴσους
1078 2199 1310 2250 γίγνεσθαι
1351 2199 1559 2249 glossema
1596 2210 1686 2240 osse

310 2278 427 2314 ratus
470 2273 528 2313 Sic
569 2272 733 2313 scribit:
786 2267 951 2312 κελεύει
990 2265 1098 2323 πρὸς
1138 2265 1213 2319 τὰς
1243 2266 1340 2323 παρ’
1381 2266 1514 2325 αὐτῆς
1545 2269 1688 2321 δόσεις

311 2344 415 2400 μήτε
432 2348 600 2399 χαίρειν
616 2342 722 2386 ὅταν
737 2345 843 2402 διδῷ
859 2341 962 2397 μήτε
978 2339 1168 2397 ἀθυμεῖν
1187 2341 1293 2385 ὅταν
1311 2340 1535 2398 ἀφέληται.
1569 2347 1686 2388 Jniu—

312 2422 387 2472 ria,
416 2424 462 2462 ut
486 2420 587 2461 mihi
607 2421 774 2472 quidem
796 2420 973 2460 videtur.
1008 2419 1152 2459 Malim
1175 2420 1282 2459 enim
1308 2420 1476 2461 credere
1498 2420 1599 2462 illud
1616 2419 1687 2461 καὶ

314 2500 408 2546 post
438 2497 672 2548 γίγνεσθαι
705 2494 907 2535 excidisse
937 2505 1060 2544 quam
1095 2492 1144 2533 ad
1173 2493 1280 2534 hanc
1311 2498 1563 2535 structuram
1595 2507 1689 2536 con-

429 2596 462 2640 1]
488 2596 541 2630 De
566 2600 642 2630 arte
668 2595 734 2628 crit
759 2593 843 2628 Ceb.
870 2593 956 2627 Tab.
983 2592 1101 2627 adhib.
1126 2604 1159 2636 p,
1186 2594 1241 2637 53,
1267 2595 1321 2627 68.

430 2651 458 2697 2)
482 2652 567 2687 ibid.
595 2663 628 2695 p.
656 2653 710 2685 56.
