1888 3170
824 197 875 201 —
944 177 1111 214 9ss.„

283 299 407 328 sonae
453 287 727 327 delineantur.
804 287 929 327 Velut
974 291 1035 336 5‚1
1087 287 1219 329 Fraus
1271 288 1336 329 his
1391 289 1656 332 describitur:

283 359 559 412 πεπλασμένη
583 362 641 416 τῷ
668 356 766 413 ἤθει
797 357 868 400 καὶ
899 356 1065 414 πιθανὴ
1099 361 1364 414 φαινομε’νη;
1405 367 1467 415 9,1
1503 365 1657 404 Intem-

285 434 476 486 perantia
523 439 766 484 ceteraeque
810 445 916 484 quae
957 445 1047 474 cum
1087 446 1134 475 ea
1177 440 1397 476 versantur
1442 437 1656 478 mulieres:

286 506 610 560 κεκοσμημένας
631 503 776 559 ὥσπερ
798 505 964 560 ἑταῖραι
980 504 1182 559 εἰώθασις
1209 513 1298 561 18,1
1321 508 1430 550 Vera
1445 510 1656 552 Eruditio:

284 577 391 635 καλὴ
424 580 496 622 καὶ
527 585 824 634 καθεστηκυῖα
854 576 902 622 τὸ
935 579 1185 634 πρόσωπον,
1218 582 1326 636 μέσῃ
1349 581 1397 624 δὲ
1425 581 1497 624 καὶ
1518 599 1657 636 κεκρι-

286 656 394 710 μένη
435 652 520 709 ἤδη
552 658 604 709 τῇ
644 650 811 712 ἡλικίᾳ,
855 651 1016 709 στολὴν
1053 652 1089 698 δ’
1129 659 1289 711 ἔχουσα
1326 653 1469 712 ἁπλῆν
1504 674 1549 699 τε
1587 657 1659 699 καὶ

289 726 639 779 ἀκαλλώπιστον;
672 734 766 781 21,3
791 730 1032 771 Beatitudo:
1065 727 1178 785 γυνὴ
1200 727 1370 786 εὐειδής
1390 748 1454 781 τις
1472 729 1661 785 κάθηται

288 803 356 846 ἐπὶ
383 801 557 856 θρόνου
588 799 780 856 ὑψηλοῦ,
812 804 1113 858 κεκοσμημένη
1146 805 1385 858 ἐλευθέρως
1414 805 1485 847 καὶ
1516 801 1662 859 ἀπερι-

289 878 423 932 έργως
466 877 538 919 καὶ
584 878 919 932 ἐστεφανωμένη
961 877 1163 937 στεφάνῳ
1206 876 1392 922 εὐανθεῖ
1433 878 1551 922 πάνυ
1590 880 1662 922 καὶ

288 955 490 1010 ποικι’λῳ;
532 957 623 1004 16,1
666 954 959 1005 Temperantia
996 959 1038 995 et
1073 955 1324 997 Moderatio:
1372 952 1556 1010 λιπαρὰς
1591 954 1663 996 καὶ

290 1022 551 1077 εὐεκτούσας
564 1030 623 1084 τῷ
639 1025 825 1081 σώματις
844 1032 939 1080 20,2
958 1029 1162 1071 Virtutes:
1186 1025 1244 1079 ὡς
1257 1024 1435 1079 εὐειδεῖς
1452 1032 1664 1071 δοκοῦσιν

290 1099 401 1143 εἶναι
444 1100 515 1143 καὶ
556 1099 756 1144 εὔτακτοι
798 1101 870 1143 καὶ
913 1099 1074 1157 στολὴν
1117 1099 1369 1158 ἆτρύφερον
1411 1102 1483 1144 καὶ
1521 1099 1663 1157 ἁπλῆν

292 1178 469 1228 ἔχουσαι
488 1178 576 1217 ’ἔτι
609 1175 656 1217 δὲ
678 1171 736 1225 ὡς
766 1173 982 1218 ἅπλαστοί
1009 1179 1090 1218 εἰσι
1122 1176 1194 1218 καὶ
1217 1173 1421 1231 οὐδαμῶς
1451 1181 1663 1219 κεκαλλω-

290 1250 495 1304 πισμέναι
526 1247 725 1304 καθάπερ
748 1252 797 1292 αἱ
814 1247 959 1301 limem
996 1255 1087 1304 12,2
1110 1253 1232 1293 Falsa
1255 1253 1465 1294 Eruditio:
1498 1247 1523 1305 ἣ
1547 1253 1670 1293 δοκεῖ

292 1321 411 1366 πάνυ
432 1322 646 1379 καθάριος
662 1324 733 1367 καὶ
750 1322 956 1375 εὔτακτος
972 1323 1098 1368 εἶναι.
1146 1327 1266 1379 Apud
1283 1327 1497 1368 Philonem
1521 1331 1667 1368 contra

294 1400 493 1452 Voluptas
508 1401 799 1452 septemdecim
815 1401 1029 1442 attributis
1040 1401 1298 1453 describitur,
1313 1414 1499 1454 quaeque
1517 1405 1592 1443 167
1610 1401 1664 1441 M.

293 1474 472 1515 Virtutis
514 1475 731 1516 exhibetur
773 1476 1035 1517 adumbratio
1080 1489 1159 1517 non
1204 1477 1338 1517 minus
1379 1480 1444 1518 est
1480 1477 1667 1517 verbosa.

296 1549 402 1599 Quid
424 1560 519 1590 vero
549 1549 681 1590 dicam
705 1550 755 1590 de
775 1562 945 1592 numero
973 1550 1270 1601 personarum?
1318 1549 1420 1591 Cum
1442 1551 1484 1590 in
1508 1551 1669 1591 Tabula

296 1623 650 1674 Intemperantiae
679 1627 764 1664 tres
797 1623 916 1674 (9,3)‚
951 1623 1084 1664 Verae
1114 1623 1351 1665 Eruditioni
1390 1623 1493 1664 duae
1523 1624 1668 1665 adiun-

300 1702 454 1749 gantur
486 1698 621 1738 sociae
653 1697 808 1750 (182),
850 1698 958 1749 apud
990 1697 1203 1739 Philonem
1234 1698 1473 1749 Voluptatis
1515 1698 1670 1749 decem,

300 1772 477 1812 Virtutis
508 1773 684 1824 triginta
715 1776 914 1824 quattuor
945 1776 1242 1813 enumerantur
1273 1773 1455 1814 comites.

414 1846 460 1886 Id
490 1846 634 1898 igitur,
668 1847 701 1886 si
733 1846 853 1887 niodo
884 1847 1087 1888 alteruter
1117 1846 1287 1887 alterius
1320 1858 1442 1898 opere
1472 1858 1572 1888 usus
1594 1852 1669 1898 est,

299 1921 389 1961 sine
413 1921 499 1961 ulla
520 1921 781 1961 dubitatione
803 1921 1119 1974 suspicabimur,
1142 1920 1307 1962 Cebetis
1336 1921 1535 1962 Tabulam
1557 1921 1671 1972 prius

301 1995 570 2046 compositam
608 2007 699 2036 esse
731 2007 855 2047 quam
887 1995 1071 2036 Philonis
1110 1995 1224 2036 illam
1255 1995 1479 2036 Prodiceae
1509 1995 1674 2036 fabulae

300 2070 591 2111 imitationem.

420 2144 513 2185 Jam
545 2145 760 2186 videamus
792 2145 842 2185 de
863 2145 997 2186 Dione
1019 2143 1326 2197 Chrysostomo.
1377 2144 1440 2184 Ex
1472 2144 1560 2185 eius
1581 2156 1672 2185 ora-

302 2219 488 2260 tionibus
519 2231 625 2270 quae
655 2219 733 2260 huc
762 2220 993 2272 pertinent,
1025 2219 1127 2259 haec
1157 2222 1265 2260 sunt.
1329 2217 1398 2259 Or.
1430 2218 1467 2260 d.
1500 2231 1614 2270 regn.
1647 2222 1674 2259 4

302 2306 339 2345 p.
375 2297 428 2334 79
467 2305 528 2345 sq.
562 2293 685 2334 Dind.
745 2293 824 2334 Dio
862 2292 996 2334 tribus
1033 2293 1135 2344 illis,
1173 2303 1276 2343 quas
1308 2292 1471 2343 statuit,
1509 2292 1674 2333 vivendi

303 2368 538 2409 rationibus
564 2368 707 2418 genios
737 2371 824 2409 tres
855 2367 975 2419 fingit
1000 2366 1298 2420 praesidentes,
1330 2379 1457 2408 unum
1488 2366 1675 2407 luxuriae

305 2442 490 2484 deditum
541 2443 805 2494 corporisque
854 2441 1158 2494 voluptatibus,
1211 2441 1385 2482 alterum
1436 2440 1673 2482 divitiarum

306 2517 509 2568 quaestui,
531 2517 704 2558 tertium
721 2517 876 2568 gloriae
894 2520 1019 2568 atque
1036 2515 1273 2557 honoribus.
1321 2515 1422 2557 Cum
1438 2515 1502 2556 his
1517 2509 1674 2565 Ἀπάτη

307 2596 509 2643 versatur,
541 2603 645 2643 quae
679 2591 734 2643 (p.
758 2594 811 2632 85
835 2591 976 2641 Dind.)
1007 2590 1071 2632 his
1098 2590 1236 2630 verbis
1261 2590 1528 2631 describitur:
1558 2585 1676 2629 πάνυ

307 2659 447 2717 ὡραία
491 2664 563 2707 καὶ
619 2662 808 2718 πιθανή,
859 2663 1159 2719 κεκοσμημένη
1214 2661 1394 2715 κόσμοις
1437 2669 1676 2716 πορνικοῖς,
