1888 3170
183 345 380 387 Schaberi
398 357 512 397 spem
530 346 634 387 lucis
656 345 830 387 alicuius
848 358 896 386 ex
912 346 1001 396 hac,
1020 356 1143 397 quam
1165 344 1328 395 statuit,
1346 343 1512 386 Cebetis
1530 356 1554 384 a

182 420 351 462 Socrate
393 420 670 470 dissensione,
720 432 809 460 cum
852 419 1002 461 Stoicis
1045 419 1315 461 consensione
1354 418 1405 459 ad
1447 418 1554 459 hanc

181 495 469 546 quaestionem
501 496 752 534 manaturae
783 493 835 534 ad
867 494 1033 534 irritum
1067 493 1197 545 redigi
1228 490 1553 544 Jerramioque¹>

180 569 489 610 concedendum
524 580 616 610 esse
637 568 798 620 pariter
819 580 867 609 ac
888 568 1102 609 Socratem
1134 570 1343 609 auctorem
1367 565 1554 607 Tabulae

180 643 376 684 virtutem
422 655 575 695 ponere
627 642 668 683 in
712 641 935 693 scieritia2).
1004 641 1111 691 Quid
1152 641 1260 693 quod
1300 641 1341 681 in
1385 651 1554 681 enume-

180 718 338 759 ratione
356 718 555 758 virtutum
573 719 669 767 2o‚3
697 712 906 769 ἐπιστήμη
928 716 1061 768 primo
1078 716 1168 757 loco
1185 718 1551 763 commemoratum

179 792 288 844 quod
319 792 542 844 praecipua
574 803 663 831 eam
697 789 900 841 dignitate
933 803 1023 831 csse
1056 793 1148 840 2o,1
1180 789 1244 830 his
1266 788 1402 830 verbis
1425 787 1552 839 signi-

178 865 346 907 ficatur:
378 860 488 917 πρὸς
517 861 598 917 τήν
625 859 865 916 ἐπιστήμην
895 861 966 904 καὶ
993 858 1102 915 πρὸς
1129 858 1204 911 τὰς
1225 858 1356 910 ἄλλοις
1377 857 1550 914 ἀρετάςς

177 940 285 992 quod
324 943 415 980 tota
452 938 662 980 hominum
701 937 868 978 miseria
909 937 961 978 ab
1005 949 1145 978 errore
1186 936 1410 988 repetitur,
1455 946 1549 986 quo,

176 1019 397 1067 postquam
436 1013 613 1054 Fraudis
654 1024 857 1053 venenum
899 1011 1113 1061 biberunt,
1156 1015 1253 1052 sunt
1291 1010 1408 1053 offusi
1441 1011 1548 1062 (5,3;

181 1092 307 1140 14‚3;
343 1092 450 1139 19,4
482 1091 561 1140 sq.)

294 1164 353 1204 De
377 1163 574 1204 scientiae
603 1162 730 1214 igitur
753 1161 1045 1203 aestimatione
1068 1173 1092 1201 a
1115 1159 1283 1201 Socrate
1306 1159 1435 1200 Cebes
1468 1171 1548 1200 non

177 1238 386 1279 dissentit.
465 1238 512 1278 Id
558 1241 696 1278 autem
742 1236 904 1277 Stoicae
951 1235 1193 1287 disciplinae
1240 1234 1339 1275 mihi
1384 1233 1550 1275 videtur

176 1312 369 1353 indicium
394 1324 495 1362 esse,
528 1311 636 1363 quod
664 1310 965 1352 beatitudinem
988 1310 1169 1361 pendere
1190 1309 1279 1350 vult
1301 1321 1350 1350 ex
1372 1308 1548 1349 scientia

177 1387 379 1428 bonorum
397 1390 437 1426 et
460 1385 677 1426 malorum.
713 1384 890 1425 Tantum
913 1384 1022 1424 enim
1045 1384 1245 1424 momenti
1264 1383 1301 1424 ei
1320 1381 1548 1432 doctrinae,

175 1473 282 1514 quae
315 1465 380 1502 est
410 1461 460 1502 de
491 1460 611 1501 bonis
643 1463 685 1502 et
716 1460 852 1510 malie,
885 1459 1045 1501 Stoicos
1077 1458 1274 1500 tribuisse
1306 1470 1398 1499 cum
1429 1456 1548 1499 multi

173 1540 302 1577 testes
334 1540 448 1586 sunt,
493 1535 561 1586 qui
595 1535 644 1575 de
677 1533 827 1575 Stoicis
870 1535 1093 1576 memoriae
1125 1533 1416 1585 prodiderunt,
1457 1535 1547 1573 tum

174 1610 438 1660 Plutarchus,
473 1610 587 1650 cuius
621 1609 663 1649 in
693 1608 800 1650 libro
827 1608 897 1661 qui
931 1609 981 1649 de
1005 1607 1235 1648 Stoicorum
1261 1606 1548 1658 repugnantiis

174 1684 415 1726 inscribitur
440 1687 476 1734 9,
498 1687 536 1734 4,
557 1687 594 1734 5,
615 1686 637 1724 6
662 1683 763 1723 haec
795 1683 988 1733 legimus:
1021 1677 1099 1722 τὸν
1130 1679 1228 1734 περὶ
1259 1676 1444 1734 ἀγαθῶν
1476 1679 1548 1721 καὶ

173 1761 320 1800 κακῶν
361 1755 517 1812 λόγον,
558 1753 610 1798 ὃν
642 1753 774 1806 αὐτὸς
806 1754 967 1810 εἰσάγει
999 1755 1070 1797 καὶ
1109 1752 1328 1809 δοκιμάζει
1367 1767 1546 1809 συμφω-

176 1830 361 1874 νότατον
393 1829 510 1874 εἶναι’
538 1843 646 1886 φησι
679 1833 736 1888 τῷ
770 1833 851 1887 βίῳ
888 1829 959 1882 καὶ
992 1828 1177 1884 μάλιστα
1214 1832 1302 1871 τῶν
1341 1826 1547 1883 ἐμφύτων

173 1905 391 1949 ἅπτεσθαι
436 1903 712 1960 προλήψεων.
783 1904 915 1945 Ταυτὶ.
954 1901 1038 1957 γὰρ
1085 1905 1132 1945 ἐν
1177 1907 1236 1961 τῷ
1283 1906 1412 1960 τρίτῳ
1458 1905 1547 1944 τῶν

172 1983 516 2035 Προτρεπτικῶν
548 1985 733 2033 εἴρηκεν.
799 1976 870 2020 Ἐν
904 1977 951 2020 oe
987 1981 1046 2036 τῷ
1079 1977 1236 2035 πρώτῳ
1275 1981 1436 2019 τοῦτον
1468 1975 1546 2020 τόν

172 2053 307 2110 λόγον
346 2054 484 2110 φησὶν
527 2048 610 2096 ἀπὸ
664 2056 753 2096 τῶν
794 2050 938 2095 ἄλλων
981 2049 1187 2094 ἁπάντων
1230 2049 1436 2106 ἀφέλκειν
1468 2048 1546 2093 τὸν

176 2128 420 2184 ἄνθρωπον
439 2125 496 2178 ὡς
518 2125 652 2171 οὐθὲν
670 2125 813 2170 ὄντων
830 2124 938 2181 πρὸς
962 2122 1069 2182 ἡμᾶς
1087 2122 1192 2169 οὐὸὲ
1209 2124 1547 2180 συνεργούντων

171 2200 281 2257 πρὸς
313 2199 603 2256 εὐδαιμονίαν
627 2199 773 2245 οὐδέν.
826 2203 1024 2244 Eiusdem
1048 2203 1108 2243 rei
1129 2202 1251 2244 testis
1284 2206 1346 2243 est
1378 2201 1546 2251 Seneca,

171 2280 237 2325 oui
263 2293 325 2320 en.
359 2283 429 2327 89,
465 2283 529 2329 14,
552 2279 621 2320 ubi
642 2284 783 2330 partes
816 2277 1103 2329 philosophiae
1126 2277 1293 2318 moralis
1317 2280 1545 2326 enumerat,

287 2391 317 2428 1)
344 2392 492 2425 Jerram.
518 2390 624 2433 praef.
651 2389 804 2424 XXXIV
821 2393 852 2423 4.

287 2447 318 2491 2)
345 2448 542 2481 Drosihnus
567 2459 602 2490 p.
631 2450 672 2480 12
704 2446 778 2490 ipse
815 2457 954 2490 quoque
979 2447 1145 2490 Cynicum
1176 2447 1230 2480 vel
1257 2446 1414 2480 Stoicum
1438 2447 1545 2481 fuisse

170 2506 242 2538 vult
269 2505 428 2538 Tabulae
452 2510 651 2543 auctorem,
676 2505 720 2537 ad
747 2514 787 2538 va
812 2514 1024 2547 provocans,
1057 2514 1146 2547 quae
1172 2504 1272 2546 Diog.
1306 2505 1422 2539 Laert.
1448 2505 1499 2538 VI
1527 2507 1541 2537 1

170 2567 203 2595 et
232 2565 269 2595 11
297 2562 339 2595 de
365 2562 577 2595 Antisthene
602 2562 764 2604 prodidit.
815 2561 879 2594 Sed
906 2561 1149 2594 Antisthenen]
1182 2562 1310 2595 scimus
1336 2572 1405 2595 non
1430 2563 1544 2596 minus

171 2628 274 2662 quam
308 2618 486 2652 Socratem
521 2619 696 2652 censuisse
731 2618 896 2652 virtutem
931 2617 1116 2661 disciplina
1150 2618 1241 2651 tradi
1268 2623 1303 2653 et
1334 2619 1367 2652 in
1400 2620 1545 2654 scientia

169 2674 318 2718 positam
351 2685 425 2708 esse
453 2675 569 2716 (Diog,
596 2674 646 2707 VI
674 2678 758 2715 1053
799 2674 841 2708 cf.
868 2674 1020 2717 Adolpb.
1054 2674 1214 2709 Mueller.
1250 2675 1290 2709 de
1325 2676 1544 2710 Antisthenis

170 2731 289 2776 Cynici
314 2733 386 2766 vita
411 2738 445 2766 et
471 2732 622 2776 scriptis,
648 2732 832 2774 Marburgi
859 2733 959 2775 1860,
984 2743 1017 2775 p.
1043 2734 1113 2775 42).
