1888 3170
827 169 1141 206 ——104—

307 277 547 328 quaestione
577 278 894 328 profecerimus,
928 280 963 319 si
993 280 1177 332 quaeris,
1216 279 1316 321 haec
1347 283 1445 324 mihi
1479 282 1670 323 videntur

305 350 591 401 respondenda.
614 362 722 391 esse:
755 351 829 400 Ea,
853 363 957 404 quae
979 352 1027 393 de
1049 353 1274 396 artificibus
1297 357 1572 407 exposuimus,
1603 357 1669 397 de-

304 425 465 465 clarant
502 436 585 463 non
629 429 726 465 ante
761 425 1083 468 Alexandrinam
1121 432 1299 470 aetatem
1339 429 1540 471 Tabulam
1577 443 1671 472 con-

303 497 453 539 fectam
487 510 589 540 esse.
651 498 766 549 Quae
799 500 944 541 deinde
977 501 1026 542 de
1057 503 1328 554 scriptoribus
1361 504 1672 555 disputavimus,

306 584 352 613 ea
384 573 474 623 ipsa
507 584 667 624 quoque
698 586 771 614 nos
804 574 1081 627 adduxerunt,
1114 581 1160 618 ut
1189 582 1283 629 post
1313 578 1539 619 Alexandri
1570 583 1673 619 tem-

307 659 409 698 pora
430 647 594 688 Pinacis
627 652 835 689 auctorem
867 649 994 691 fuisse
1026 655 1304 693 statueremus
1328 659 1452 704 atque
1484 652 1520 692 ei
1546 653 1674 703 potis—

305 722 451 762 simum
475 722 603 762 aetati
630 735 723 763 eum
745 724 1065 776 assignaremus,
1092 738 1171 777 qua
1196 725 1423 767 Stoicorum
1455 726 1674 775 allegorias

305 794 486 847 fingendi
529 797 712 838 studium
757 799 887 840 secuti
927 799 955 840 ii
998 800 1252 852 philosophi,
1291 802 1362 853 qui
1402 801 1451 841 de
1490 800 1674 841 moribus
1714 811 1716 813 ’

308 870 557 921 scribebant,
580 882 703 922 quam
726 872 927 923 plurimas
954 874 1155 924 imagines
1188 874 1380 926 operibus
1407 875 1490 915 suis
1521 875 1675 914 insere-

308 945 418 984 bant.
480 945 699 986 Artissima
740 946 815 987 hac
852 947 893 987 in
938 959 981 987 re
1013 959 1103 988 cum
1144 947 1296 989 Cebete
1328 949 1523 999 coniungi
1555 948 1670 988 simi-

307 1018 482 1058 litudine
526 1019 704 1059 vidimus
752 1020 967 1061 Philonem
1007 1022 1231 1072 Judaeum,
1274 1022 1450 1063 Dionem
1500 1022 1676 1074 Chryso-

308 1095 503 1143 stomum,
538 1093 784 1145 Lucianum,
825 1095 884 1134 ita
915 1100 1077 1145 tamen,
1119 1100 1164 1136 ut
1204 1096 1336 1145 magis
1369 1097 1411 1135 in
1445 1108 1584 1137 eorum
1617 1097 1678 1136 in-
1740 1120 1747 1131 >-

308 1167 553 1207 clinaremus
585 1168 854 1218 sententiam,
888 1169 957 1219 qui
991 1168 1185 1210 Cebetem
1217 1176 1313 1210 ante
1343 1169 1520 1210 Dionem
1551 1169 1679 1210 fuisse

308 1241 560 1282 existimant..

572 1407 669 1462 IV.
706 1410 788 1462 De
826 1410 1086 1464 Tabulae
1126 1425 1413 1465 sermone.

425 1527 472 1566 ln
505 1527 690 1569 Tabulae
722 1540 953 1569 sermonem
991 1530 1059 1581 qui
1101 1531 1257 1581 primus
1298 1529 1532 1580 inquisivit,
1574 1529 1679 1568 Dro-

310 1601 469 1650 sihnus,
502 1614 553 1642 ne
577 1603 860 1653 quaestionem
894 1603 944 1643 ad
976 1602 1098 1643 finem
1130 1604 1387 1656 perduceret.
1422 1603 1601 1654 quidque
1634 1614 1681 1642 ex

310 1676 490 1715 auctoris
523 1688 598 1715 usu
620 1676 780 1717 dicendi
813 1677 861 1717 de
893 1678 981 1717 eius
1013 1681 1152 1718 aetate
1180 1677 1454 1729 colligendum
1486 1680 1606 1725 esset,
1639 1676 1681 1716 in

311 1749 490 1791 medium
537 1750 761 1802 proferret,
815 1756 947 1792 morte
992 1751 1214 1802 impeditus
1255 1755 1327 1792 est.
1407 1751 1552 1802 Itaque
1596 1751 1683 1790 eius

311 1825 455 1876 studii,
502 1826 609 1876 quod
649 1826 693 1865 in
735 1825 811 1866 hac
849 1837 894 1864 re
932 1824 1163 1865 Drosihnus
1204 1826 1361 1877 posuit,
1403 1825 1561 1866 fructus
1600 1836 1682 1865 non

311 1903 457 1944 exstat,
490 1900 569 1940 nisi
591 1900 807 1940 verborum
841 1899 976 1949 index,
1010 1911 1130 1950 quem
1154 1899 1326 1940 editioni
1359 1911 1456 1940 suae
1478 1899 1680 1940 adiunxit.

313 1974 361 2014 In
399 1986 479 2025 quo
521 1975 802 2025 componendo
846 1988 1155 2028 nonnumquam
1202 1975 1412 2016 erroribus
1453 1975 1570 2015 illum
1611 1974 1683 2014 ob-

312 2048 501 2088 strictum
535 2060 626 2089 esse
658 2061 790 2101 neque
822 2051 979 2100 omnia,
1021 2063 1125 2102 quae
1155 2051 1198 2090 in
1229 2049 1304 2090 hac
1335 2048 1558 2100 appendice
1590 2060 1683 2089 con-

315 2126 529 2173 geruntur,
562 2123 682 2174 aequi
703 2123 898 2175 ponderis
927 2136 1017 2165 esse
1039 2124 1090 2165 ad
1112 2123 1396 2176 quaestionem
1429 2122 1477 2163 de
1501 2122 1686 2163 Tabulae

314 2197 588 2246 germanitate
618 2198 912 2239 instituendam
944 2204 1055 2240 recte
1088 2199 1247 2239 monuit
1270 2196 1554 2248 Jerramius1).
1601 2196 1683 2237 Ne-

314 2284 392 2324 que
434 2273 600 2313 omnino
643 2274 730 2314 eius
770 2274 876 2314 rat-io
920 2273 1158 2314 satisfacere
1197 2272 1372 2313 videtur.
1445 2271 1534 2312 Hoc
1577 2270 1685 2310 enim

315 2351 506 2399 apparet,
551 2348 585 2388 si
617 2360 654 2388 v,
694 2359 732 2398 g.
775 2347 1015 2388 adverbium
1055 2342 1267 2399 ἀβεβαίους
1308 2346 1425 2397 (ssTab.
1461 2346 1550 2396 7‚2)
1588 2348 1686 2386 ante

317 2421 534 2462 Menandri
556 2425 735 2462 aetatem
767 2422 808 2461 in
841 2422 906 2472 iis,
940 2433 1043 2473 quae
1076 2421 1127 2461 ad
1157 2432 1231 2461 nos
1253 2423 1546 2472 pervenerunt,
1578 2419 1687 2459 anti-

319 2496 491 2547 quitatis
521 2496 801 2537 monumentis
833 2508 916 2537 non
947 2496 1178 2547 invenitur,
1221 2494 1264 2535 in
1306 2494 1381 2534 hac
1420 2505 1464 2534 re
1503 2493 1688 2544 acquies-

438 2610 458 2650 ')
487 2608 649 2641 Jerramii
685 2608 764 2642 edit.
799 2609 909 2651 praef.
945 2620 978 2652 p.
1004 2608 1073 2642 XII
1100 2619 1166 2651 sq.;
1206 2617 1307 2651 quem
1335 2607 1475 2640 nimium
1513 2605 1688 2639 Drosihno

319 2666 502 2702 derogasse
528 2665 619 2699 infra
643 2664 850 2700 videbimus.
