1888 3170
835 171 1004 209 „30
1064 192 1117 196 -..

408 283 528 324 Hanc
568 282 616 323 de
655 281 993 334 philosophorum
1034 282 1251 323 sententiis
1291 281 1333 321 in
1372 281 1529 323 Tabula
1567 294 1662 333 pro-

294 357 390 397 latis
422 355 811 397 commentationem
842 368 923 397 non
945 356 1257 405 absolverimus,
1290 355 1368 396 nisi
1390 367 1495 407 quae
1526 360 1664 408 partes

294 431 454 471 numini
476 430 550 470 illi.
580 429 688 481 quod
722 430 893 482 δαίμων
922 432 978 481 (4,
992 430 1033 481 3)
1054 430 1117 471 vel
1142 427 1375 482 δαιμόνιον
1390 429 1663 481 (30,1;31,3,

297 509 340 555 ῦς
365 507 486 555 32‚5;
510 503 631 556 33,2)
653 507 836 555 vocatur,
861 503 1041 545 tributae
1063 505 1157 556 sint,
1180 504 1320 556 paucis
1343 504 1662 556 exposuerimus.

296 579 431 630 Atque.
466 579 542 620 hoc
583 578 746 630 quidem
787 579 1049 630 perspicuum
1089 583 1172 630 est,
1215 579 1257 619 in
1298 578 1455 619 Tabula
1493 589 1574 619 non
1617 578 1667 618 de

295 653 416 704 genio
448 653 528 703 agi,
563 652 631 704 qui
654 653 771 704 quasi
792 655 993 703 patronus
1025 652 1183 694 homini
1211 653 1375 694 additus
1398 664 1471 704 per
1503 664 1666 693 omnem

297 728 424 768 vitam
456 739 548 767 eum
570 727 847 779 prosequitur.
901 726 1006 769 Suus
1028 728 1136 768 enim
1171 729 1317 780 cuique
1350 727 1574 778 singularis
1606 729 1669 767 est

297 801 463 853 genius,
507 800 584 841 hoc
615 813 741 841 unum
774 805 837 842 est
876 813 1048 853 numen,
1089 801 1203 842 cuius
1235 805 1455 852 praecepta
1487 801 1539 841 ad
1575 801 1668 841 uni-

296 887 436 917 versos
467 875 654 917 homines
685 876 909 927 pertinent.
981 875 1107 917 Recte
1147 877 1227 916 iam
1271 874 1545 928 Drosihnus1)
1584 888 1670 915 mo-

299 950 390 991 nuit
422 946 658 1001 δαιμόνιον
690 950 731 990 in
764 949 923 991 Tabula
955 961 1045 990 esse
1075 951 1208 1002 legem
1240 950 1352 991 illam
1384 949 1565 990 divinam
1597 961 1668 1000 pe-

298 1025 410 1066 nitus
447 1026 486 1064 in
529 1024 679 1065 animis
710 1024 900 1066 humanis
939 1026 1181 1076 impressam
1213 1024 1363 1076 („G0t.t
1399 1024 1455 1064 im
1486 1021 1670 1073 Busen“)

298 1099 634 1150 mentionemque
680 1099 778 1140 fecit.
830 1111 969 1139 eorum
1017 1100 1224 1150 locorum,
1279 1099 1348 1150 qui
1394 1102 1491 1139 sunt
1534 1098 1670 1149 Epict.

298 1172 395 1214 diss.
427 1174 448 1214 I
483 1176 547 1223 14,
579 1172 676 1213 ibid.
714 1176 782 1223 123
817 1173 858 1214 Π
893 1176 956 1224 16,
991 1176 1065 1223 28;
1098 1173 1294 1213 Antonin.
1328 1173 1391 1214 III
1424 1176 1469 1224 6,
1506 1175 1570 1223 12,
1607 1174 1671 1211 14.

298 1247 387 1288 Hoc
423 1247 575 1288 addere
616 1247 815 1298 debebat,
859 1259 949 1288 eam
991 1245 1332 1298 significationem
1371 1247 1481 1298 apud
1512 1245 1672 1288 Stoicos

298 1322 561 1373 potissimum
599 1321 694 1362 huic
724 1322 924 1363 vocabulo
963 1321 1145 1363 subesse.
1208 1321 1335 1362 Stoici
1367 1321 1475 1362 enim
1510 1333 1601 1362 cum
1631 1321 1674 1362 id

299 1400 490 1448 agerent,
534 1400 579 1437 ut
618 1397 660 1437 in
691 1396 815 1438 rebus
852 1396 903 1436 ad
934 1396 1177 1447 religionem
1215 1395 1520 1447 pertinentibus
1552 1407 1672 1447 quam

300 1471 485 1522 proxime
513 1470 565 1511 ad
597 1482 832 1512 communes
855 1469 1105 1511 Graecorum
1140 1470 1328 1512 notiones
1361 1469 1603 1511 accederent
1634 1473 1674 1509 et

301 1557 347 1585 ex
380 1545 451 1594 iis,
483 1558 587 1596 quae
619 1546 668 1586 de
699 1545 764 1585 his
796 1546 920 1586 rebus
952 1557 1025 1596 per
1057 1545 1220 1585 saecula
1252 1545 1405 1585 tradita
1445 1549 1487 1585 et.
1518 1544 1675 1584 credita

301 1624 433 1671 erant,
467 1631 587 1671 quam
609 1620 786 1671 plurima
818 1623 1125 1671 conservarent,
1160 1632 1211 1660 no
1239 1630 1330 1660 eam
1361 1618 1675 1671 quidennquae

302 1693 351 1734 de
373 1694 644 1735 daemonibus
673 1698 774 1745 erat,
807 1694 1066 1745 disciplinam
1097 1695 1221 1746 plane
1242 1694 1472 1735 convellere
1494 1693 1674 1733 animum

301 1767 564 1818 induxerunt,
596 1767 668 1809 sed
700 1768 759 1808 ita
789 1768 1077 1818 immutarunt,
1109 1770 1156 1808 ut
1180 1767 1399 1808 daemones
1431 1779 1515 1808 non
1538 1771 1678 1808 essent

302 1841 472 1882 numina
502 1842 611 1882 inter
642 1841 740 1882 deos
772 1846 814 1882 et
843 1841 1029 1883 homines
1059 1841 1207 1892 media,
1241 1841 1312 1882 sed
1344 1841 1515 1882 daemon
1548 1841 1678 1882 homi-

305 1917 370 1957 nis
392 1916 497 1956 nihil
518 1916 629 1957 aliud
661 1919 770 1957 esset
791 1928 912 1968 quam
945 1917 1033 1968 ipse
1055 1916 1154 1957 deus
1186 1919 1232 1956 ut
1262 1916 1304 1956 in
1333 1915 1522 1956 omnibus
1553 1914 1676 1955 rebus

303 1991 363 2032 sic
398 1991 440 2031 in
473 1991 610 2032 animo
641 1990 821 2032 humano
858 2002 1077 2043 apparens.
1139 1992 1323 2043 Δαίμων
1362 1991 1491 2042 igitur
1525 1989 1676 2030 Stoicis

303 2069 366 2107 est
406 2065 515 2107 ratio
555 2065 754 2116 humana,
799 2077 904 2118 quae
951 2077 1033 2106 non
1077 2065 1241 2106 diversa
1287 2069 1349 2106 est
1389 2065 1441 2106 ab
1482 2063 1678 2104 universa

303 2212 469 2246 statuisse
494 2213 659 2247 virtutem
684 2214 796 2248 amitti
821 2224 935 2257 posse.
984 2213 1051 2248 Sed
1076 2217 1206 2257 quanto
1240 2213 1349 2256 magis
1384 2212 1568 2247 conveniat
1601 2223 1678 2246 cum

305 2267 505 2303 Stoicorum
531 2269 766 2314 descriptione
783 2270 951 2314 sapientis
969 2269 1117 2314 perfecti
1135 2274 1168 2303 et
1185 2269 1355 2312 absoluti,
1373 2269 1467 2312 quod
1492 2269 1680 2304 Cleanthes

305 2326 420 2369 (Diog.
449 2326 516 2360 VII
549 2328 626 2369 127)
662 2338 739 2361 cum
766 2327 903 2372 Cynicis
940 2326 1158 2361 consentiens
1191 2326 1356 2361 censebat
1391 2326 1555 2360 virtutem
1591 2326 1679 2369 eripi

305 2383 404 2417 nullo
429 2384 532 2418 modo
558 2395 677 2428 posse,
703 2396 773 2419 non
799 2396 887 2428 opus
923 2390 974 2419 est
998 2384 1160 2428 pluribus
1185 2384 1434 2418 demonstrare.
1483 2385 1533 2419 Cf.
1559 2383 1678 2418 Senec.

305 2450 360 2484 ep.
388 2442 448 2475 50:
475 2441 581 2476 semel
607 2441 724 2476 traditi
758 2442 843 2475 boni
876 2447 1048 2485 perpetua
1081 2441 1254 2484 possessio
1279 2446 1340 2475 est.
1389 2441 1467 2475 Non
1494 2441 1680 2475 dediscitur

305 2499 427 2533 virtus.
468 2499 605 2543 Didym.
631 2499 675 2536 fr.
702 2499 854 2533 Mull.11
882 2501 938 2533 78:
963 2495 1004 2532 τὸ
1025 2497 1094 2542 μὲν
1118 2499 1190 2531 τῶν
1215 2498 1431 2530 σπουδαίων
1458 2494 1520 2531 διὰ
1539 2493 1679 2535 παντὸς

306 2556 371 2588 τοῦ
398 2556 483 2600 βίου
508 2557 670 2600 χρῆσθαι
695 2560 776 2596 mcc
802 2551 961 2600 ἀρεταῖς.

422 2612 448 2656 ¹)
474 2613 517 2647 cf.
544 2613 599 2647 die
625 2614 702 2648 Zeit
727 2614 759 2647 d.
787 2614 871 2647 Πίν.
898 2611 985 2658 Κέβ.
1020 2624 1054 2656 p.
1082 2616 1182 2656 lln.,
1215 2612 1274 2655 qui
1311 2617 1426 2646 tamen
1464 2624 1540 2647 cum
1576 2613 1679 2655 genio

306 2669 367 2703 illo
392 2674 543 2713 patrono
568 2670 653 2705 illud
680 2681 804 2705 numen
831 2671 1026 2705 confundit.
