1888 3170
840 199 1148 237 —126—

425 311 726 361 περίστασις
757 307 892 360 (38‚4)
931 308 1171 361 significans
1204 312 1360 351 statum
1391 322 1548 361 rerum,
1580 314 1683 351 tem-

312 396 454 435 porum
498 383 801 433 condicionem,
845 395 927 424 non
966 387 1064 424 ante
1095 384 1255 436 Polybii
1298 388 1479 425 aetatem
1525 385 1564 424 in
1608 397 1683 425 usu

312 462 403 498 erat
415 456 459 508 1).
523 456 772 508 Saepissime
803 456 879 497 hoc
899 457 1144 498 vocabulum
1176 458 1453 499 adhibuerunt
1485 459 1686 499 recentio-

312 541 391 579 res,
424 530 624 580 imprimis
657 529 785 570 Stoici
815 529 1105 582 pbilosophi2).

425 600 657 656 περιάγω
680 604 777 645 intr.
801 608 1045 655 usurpatum
1069 608 1148 656 6‚3.
1203 605 1328 646 Codd.
1353 608 1523 657 excepto
1544 605 1584 655 k,
1616 606 1686 657 qui

312 678 485 728 praebet
515 674 814 729 περιάγονται,
846 681 1113 719 consentiunt
1144 680 1185 719 in
1209 680 1345 720 activa
1377 679 1507 720 forma
1538 680 1685 731 περια-
1711 668 1716 671 ’

312 762 453 803 γουσι.
502 749 676 792 Wolfius
710 752 838 792 voluit
869 753 1081 793 emendari
1121 757 1161 793 et
1191 750 1475 805 περιάγονται
1509 754 1685 804 restitui,

313 825 421 876 quod
444 829 690 877 receperunt
721 825 954 867 Drosihnus
987 830 1024 866 et
1049 826 1291 867 Jerramius.
1355 827 1447 867 Mea
1480 827 1689 868 sententia

314 900 366 940 ab
425 900 674 951 optimorum
742 900 855 940 codd.
919 900 1127 951 scriptura
1192 901 1381 941 recedere
1440 912 1521 941 non
1576 901 1686 941 licet.

314 970 551 1027 Περιαγειν
611 974 841 1015 recentiore
898 979 1036 1015 aetate
1094 975 1257 1026 saepius
1312 975 1575 1015 intransitive
1627 977 1691 1015 est

314 1047 562 1098 adbibitum3
605 1047 654 1088 cf.
696 1048 766 1089 Gr.
798 1049 940 1090 Herm.
974 1062 1012 1101 p.
1046 1052 1146 1091 360:
1188 1044 1383 1102 περιάγει
1404 1044 1453 1090 τὸ
1475 1047 1689 1102 περιέρχε-

315 1138 383 1162 ται
401 1120 472 1161 καὶ
489 1130 755 1173 περινοστεῖ,
777 1117 1051 1175 ἆμετάβατον
1068 1118 1126 1171 ὡς
1143 1122 1211 1163 καὶ
1232 1120 1444 1174 Λιβάνιος
1459 1133 1467 1140 ·
1500 1124 1690 1175 Περιῆγε

315 1192 598 1248 πλανώμενος
629 1195 676 1236 ἐν
695 1191 912 1249 Ἀθήναις.
966 1197 1165 1248 Exempla
1190 1198 1308 1238 huius
1332 1209 1431 1238 usus
1454 1210 1535 1238 non
1558 1209 1691 1249 pauca

317 1275 483 1310 exstant
514 1271 556 1310 in
588 1269 704 1311 Novo
737 1270 1018 1311 Testamento.

433 1341 638 1395 (πικρός
669 1345 775 1395 (3,1)
808 1357 876 1396 ea,
920 1357 1027 1397 quae
1058 1346 1099 1386 in
1133 1345 1293 1387 Tabula
1325 1346 1500 1397 obtinet¹7
1534 1345 1691 1397 signifi-

316 1420 477 1459 catione
523 1424 768 1471 usurpatum
818 1419 868 1460 ab
912 1420 1216 1471 antiquioribus
1261 1421 1441 1461 alienum
1485 1433 1563 1461 non
1609 1425 1690 1469 est3

318 1493 527 1533 invenitur
579 1493 688 1545 apud
739 1494 1006 1546 Aeschylum,
1061 1495 1323 1546 Euripidem
1382 1496 1691 1536 substantivum

316 1564 523 1619 πικρότης
544 1567 688 1608 eadem
713 1568 881 1608 notione
904 1569 1071 1608 obvenit
1093 1569 1201 1620 apud
1229 1569 1487 1610 Herodotum
1524 1574 1557 1619 1,
1580 1567 1690 1619 130.)

432 1638 642 1691 πλάνοςς
676 1642 725 1682 cf.
758 1654 882 1693 supra
914 1654 952 1693 p.
988 1645 1052 1682 65,

434 1712 708 1767 (ποτήριον
743 1714 860 1768 [5,1]
940 1716 1029 1756 Hoc
1065 1716 1265 1757 vocabulo
1298 1717 1361 1758 usi
1403 1720 1500 1758 sunt
1532 1716 1693 1758 Ctesias

324 1789 434 1840 apud
466 1789 562 1830 Ath.
599 1793 646 1830 11
681 1801 720 1840 p.
755 1792 890 1840 464a‚
923 1790 1076 1841 483cd,
1109 1790 1347 1832 Herodotus
1380 1789 1550 1841 7,119.)

435 1865 872 1916 προσκαταβαίνω
891 1863 1042 1917 (16,4).
1070 1865 1214 1906 Lucill.
1232 1865 1400 1906 Anthol.
1419 1865 1507 1906 Pal.
1545 1869 1607 1916 11,
1627 1869 1692 1906 99.

433 1934 613 1977 πυλών
635 1936 692 1988 (1,
714 1938 768 1988 3).
828 1937 1003 1979 Praeter
1024 1938 1384 1981 Pseudo-Aristot.
1408 1939 1463 1991 (d.
1487 1940 1624 1980 mund.
1651 1938 1694 1990 6)

320 2010 424 2051 hanc
456 2023 593 2051 vocem
627 2011 906 2053 adhibuerunt
937 2012 1156 2065 Polybius,
1205 2013 1429 2064 Diodorus,
1473 2014 1693 2063 Lucianus,

319 2085 576 2126 Plutarchus.
638 2086 791 2126 Moeris
823 2099 861 2137 p.
895 2090 947 2128 83
981 2089 1102 2128 testis
1134 2092 1198 2128 est
1229 2088 1393 2129 Atticos
1424 2087 1546 2128 huius
1578 2098 1696 2128 voca—

320 2159 406 2198 buli
439 2160 525 2199 loco
558 2159 709 2200 dixisse
741 2154 871 2200 αὐλία
901 2157 1035 2214 θύρα.

436 2236 697 2285 συνομιλῶ
731 2234 865 2286 (13,1)
897 2240 1064 2286 praeter
1094 2236 1203 2278 hunc
1235 2237 1367 2277 locum
1399 2249 1481 2277 non
1514 2236 1696 2277 occurrit

321 2308 399 2348 nisi
446 2309 486 2348 in
528 2308 645 2350 Novo
683 2309 962 2351 Testamento.
1019 2307 1275 2362 συνόμιλος,
1323 2312 1556 2363 συνομιλιά
1595 2311 1694 2350 item

321 2383 595 2423 recentiorum
629 2389 737 2424 sunt.

438 2543 470 2586 1)
496 2542 599 2577 Falso
616 2544 815 2577 Drosihnns
841 2544 921 2578 dicit
939 2545 1033 2588 apud
1051 2544 1276 2579 Aristotelem
1302 2545 1391 2579 hanc
1408 2544 1697 2588 significationem

324 2611 395 2633 voc.
422 2602 633 2643 περίστασις
657 2601 809 2636 subesse.

440 2680 472 2723 ²)
499 2682 542 2714 cf.
569 2681 656 2715 Lob.
683 2682 813 2725 Phryn.
839 2693 873 2724 p.
900 2684 976 2716 376.
