1888 3170
683 200 992 238 —123—

157 311 288 362 drum,
321 310 586 353 Posidonium
621 312 746 364 (apud
775 314 1067 364 Athenaeum),
1100 313 1330 366 Polybium,
1366 312 1525 354 Plutar-

156 385 289 426 chum.
304 386 334 435 1)

270 457 605 510 καθεστηκώς
660 459 898 511 significans
947 461 1163 512 ‚,sedatus“
1215 461 1325 513 apud
1370 461 1529 502 Aristo-

159 531 338 584 phanem
370 534 581 575 invenitur
610 546 695 575 ran.
730 538 835 576 1003
903 535 1137 576 Drosihnus
1160 535 1456 576 animadvertit
1478 534 1528 575 de

158 608 350 659 personis
383 620 464 649 non
488 612 584 649 ante
606 607 874 650 Plutarchum
898 610 1086 661 usurpari
1110 609 1211 650 illud
1234 605 1527 662 καθεστηκώς.

159 681 212 722 At
245 681 355 734 apud
378 682 634 723 Herodotum
668 681 723 733 (7,
745 682 844 734 205)
877 683 978 725 haec
1009 687 1194 724 exstant:
1229 679 1531 734 ἐπιλεξάμενος

156 751 322 806 ἄνδρας
361 757 651 804 κατεστεῶτας
704 759 993 808 τριηκοσίους.
1084 757 1253 798 Accedit
1290 756 1398 809 quod
1430 756 1530 797 illud

158 833 455 880 καθεστηκυῖα
495 825 542 870 τὸ
580 826 819 881 πρόσωπον
852 831 971 881 (Tab.
1009 834 1117 881 18,1>
1160 831 1267 872 idem
1311 834 1374 872 est
1406 836 1531 882 atque

162 898 210 943 τὸ
253 899 493 954 πρόσωπον
525 906 685 956 ἔχουσα
723 902 994 955 καθεστηκός
1031 905 1099 955 (cf.
1138 904 1227 945 Dio.
1263 904 1409 958 Chrys.
1441 907 1459 946 l
1492 918 1529 957 p.

162 981 211 1018 15
246 977 373 1019 Dind:
397 973 690 1029 καθεστηκὲς
739 975 785 1018 δὲ
823 976 894 1018 καὶ
933 975 1089 1030 ὅμοιον
1128 974 1262 1031 αὐτῆς
1293 974 1340 1020 τὸ
1384 975 1531 1030 εἶδος),

158 1052 217 1092 ita
248 1056 293 1093 ut
324 1053 389 1093 vix
422 1053 522 1094 illud
562 1053 834 1105 premendum
867 1053 938 1105 sit,
971 1054 1079 1105 quod
1120 1054 1195 1095 hoc
1233 1054 1321 1095 loco
1360 1054 1410 1094 de
1442 1065 1532 1105 per-

160 1138 260 1168 sona
290 1123 571 1178 καθεστηκώς
603 1127 833 1168 adhibitum
867 1131 942 1169 est.

271 1199 644 1253 καταστρέφειν
675 1200 820 1242 eadem
843 1200 1147 1252 significatione
1181 1206 1304 1253 atque
1337 1201 1413 1242 hoc
1444 1201 1533 1242 loco

158 1275 273 1326 (Tab.
316 1275 427 1327 10,4)
470 1279 739 1327 usurpatum,
784 1282 828 1316 ut
868 1280 976 1317 esset
1021 1277 1237 1327 „degere‘²,
1276 1288 1358 1317 non
1396 1276 1532 1316 inveni

158 1350 238 1390 nisi
276 1350 385 1402 apud
429 1350 646 1403 Polybium
682 1354 716 1401 1,
738 1354 854 1402 25,6:
897 1349 994 1403 περὶ
1027 1346 1181 1403 μικρὰς
1210 1348 1385 1403 πράξεις
1414 1348 1534 1390 κατέ-

162 1422 403 1477 στρεψαν2)
442 1419 545 1473 τοὺς
575 1421 774 1478 χρόνους.
845 1425 1005 1466 Ceteris
1043 1425 1142 1466 locis
1175 1425 1365 1466 omnibus
1408 1439 1534 1464 κατα-

159 1498 364 1551 στρέφειν
396 1495 474 1540 τὸν
496 1501 598 1550 βίον
619 1503 683 1540 est-
704 1498 823 1539 finire
847 1500 988 1550 vitam,
1022 1500 1048 1539 i.
1071 1512 1105 1539 e.
1131 1499 1328 1540 decedere
1355 1499 1404 1539 tle
1434 1499 1533 1540 vita.

159 1573 299 1614 Etiam
347 1574 411 1615 hic
457 1586 555 1615 usus
602 1574 878 1615 recentiorum
922 1577 1005 1625 est,
1051 1573 1287 1624 Plutarchi,
1337 1573 1535 1625 Diogenis

159 1647 330 1690 Laertii.

274 1722 554 1776 κεκριμένη
600 1718 775 1776 ἡλικία
820 1724 954 1775 (18,1)
992 1724 1158 1765 aliunde
1199 1722 1338 1764 afferri
1378 1722 1536 1774 nequit.

160 1797 314 1839 Tamen
346 1799 485 1840 nescio
526 1811 578 1839 an
618 1799 710 1840 huic
742 1799 803 1839 rei
842 1811 919 1840 non
955 1799 1127 1839 nimium
1165 1797 1431 1839 tribuendum
1468 1796 1535 1836 sit.

160 1873 376 1914 Invenitur
407 1873 516 1914 enim
539 1873 684 1925 partic.
720 1871 972 1925 κεκριμένος
1001 1873 1212 1913 simillima
1234 1871 1538 1923 significatione

160 1947 404 1998 adhibitum,
438 1947 516 1988 nisi
539 1948 649 1999 quod
670 1960 762 1988 cum
785 1947 867 1988 alio
890 1948 1058 1988 nomine
1090 1947 1369 1998 coniungitur.
1417 1943 1537 1997 Apud

161 2021 418 2064 Herodotum
443 2026 533 2073 3,31
560 2020 807 2074 κεκριμένοι
836 2017 995 2074 ἄνδρες
1017 2026 1114 2063 sunt
1150 2021 1339 2073 „probati
1372 2020 1472 2061 viri“
1490 2018 1536 2070 3).

163 2095 250 2145 Quo
282 2108 330 2137 ex
362 2109 438 2138 usu
470 2096 613 2138 dubito
652 2109 704 2137 an
745 2096 844 2136 illud
883 2095 1112 2148 κεκριμένη
1144 2090 1291 2149 ἡλικία
1323 2095 1382 2136 ita
1414 2093 1538 2146 expli-

161 2170 337 2212 candum
371 2171 438 2221 sit,
471 2175 517 2211 ut
549 2170 600 2211 ab
639 2170 875 2212 hominibus
916 2175 1071 2211 certam
1104 2169 1312 2223 quandam
1344 2172 1539 2219 aetatem,

279 2329 304 2371 1)
331 2330 419 2363 Xon.
442 2341 562 2365 comm.
582 2333 614 2374 2,
638 2333 666 2373 1,
687 2333 729 2363 22
748 2330 848 2365 codd.
868 2331 896 2362 A
912 2330 940 2363 B
965 2330 1137 2373 praebent
1163 2325 1429 2372 καθαριότητι;
1457 2329 1540 2362 Din-

164 2385 296 2421 (lorfius
314 2387 452 2430 scripsit
468 2383 748 2430 καθαρειότητι,
767 2387 966 2430 Sauppeius
984 2382 1230 2429 καθαρότητι.
1274 2386 1403 2420 Nescio
1421 2396 1465 2420 an
1482 2386 1540 2419 hic

164 2443 261 2478 locus
294 2443 413 2478 Cebeti
431 2443 637 2479 obversatus
662 2445 717 2478 sit.
745 2444 877 2486 Quodsi
905 2443 1014 2477 subst.
1040 2439 1274 2485 καθαριότης
1298 2443 1393 2486 apud
1424 2443 1540 2477 Xeno-

164 2501 332 2544 phontem
359 2500 508 2544 obvenit,
534 2511 617 2536 casu
642 2501 773 2536 factum
801 2511 876 2534 esso
903 2504 1110 2543 statuemus,
1137 2504 1174 2533 ut
1199 2499 1268 2535 adi.
1294 2496 1480 2544 καθάριος
1498 2509 1540 2534 ex

166 2558 258 2591 hona
285 2557 483 2592 Graecitate
509 2558 612 2592 hodie
638 2558 756 2591 afferri
782 2568 850 2591 non
875 2562 1005 2600 posset.

281 2614 399 2657 ²)‘ubi
424 2614 630 2649 Hultschius
655 2615 774 2649 scribit
799 2612 1041 2657 κατέτριψαν.

283 2671 314 2716 3)
341 2672 444 2707 aliter
468 2672 674 2717 Kruegerus
699 2677 734 2707 et
761 2672 929 2707 Steinius:
957 2671 1131 2715 „selecti“.
