1888 3170
178 305 482 359 γεγενημένων
514 304 676 357 δοξῶν,
723 301 775 346 δι’
809 302 859 354 ἃς
889 302 940 347 τὰ
972 303 1172 360 κριτήρια
1201 304 1544 355 νοσοποιεῖταιῑ)

178 381 252 433 τῆς
292 381 454 433 ψυχῆς,
492 375 540 420 τὸ
581 377 629 420 δὲ
660 381 749 420 τῶν
780 374 916 432 ὑγιῶς
948 379 1143 433 ἐχουσῶν
1175 375 1421 421 ἐνθετικόν;
1462 379 1544 419 iam

177 458 333 504 quanta
364 453 467 494 haec
507 453 778 494 similitudine
829 455 1152 505 coniungantur,
1196 466 1278 494 non
1319 464 1420 505 opus
1465 451 1546 492 erit

176 527 363 579 pluribus
396 528 691 569 demonstrare.
739 527 858 568 Philo
887 533 1024 569 autem
1056 529 1195 569 nescio
1228 540 1280 569 an
1312 527 1544 569 Stoicorum

176 601 405 643 doctrinam
448 602 524 643 hac
563 602 604 643 in
648 613 692 642 re
735 606 898 643 secutus
930 603 1005 654 sit,
1049 603 1198 655 quippe
1230 614 1350 654 quem
1380 601 1471 642 aliis
1502 601 1544 641 in

175 677 299 717 rebus
342 676 394 718 ad
434 688 570 718 mores
610 676 917 728 pertinentibus
959 676 1011 718 ad
1042 677 1134 718 illos
1164 688 1293 729 prope
1324 676 1545 717 accessisse

176 755 348 792 constet.
410 750 531 792 Certe
562 750 715 792 similia
747 750 905 792 Stoicos
942 751 1130 792 docuisse
1162 762 1211 791 ex
1242 750 1421 792 Senecae
1457 750 1544 802 epi-

175 826 286 866 stula
309 828 362 866 94
385 830 572 877 apparet,
596 825 666 866 11111
688 826 738 866 de
762 826 1043 867 controversia
1066 826 1134 867 illa
1153 826 1306 877 agitur,
1338 837 1460 878 quam
1492 825 1544 877 ei,

176 899 245 952 qui
275 900 473 941 nolebant
503 900 740 942 hominibus
774 912 913 941 errore
947 900 1134 942 liberatis
1165 900 1347 952 praecipi
1379 899 1428 940 de
1458 899 1545 940 vita

178 978 291 1015 recte
322 975 593 1025 instituenda,
625 986 715 1015 cum
748 975 798 1016 iis
830 975 1055 1026 habebant,
1095 975 1163 1026 qui
1195 975 1296 1015 talia
1325 977 1546 1026 praecepta

175 1049 410 1090 necessaria
449 1049 751 1090 existimabant..
815 1050 863 1090 In
895 1049 1060 1090 illorum
1100 1061 1271 1090 numero
1310 1049 1379 1101 qui
1410 1048 1546 1089 fuerat

175 1123 315 1163 Aristo
359 1123 466 1164 hanc
509 1124 550 1164 iu
594 1124 843 1165 sententiani
885 1122 1169 1175 disputaverat
1210 1122 1292 1175 (5):
1348 1121 1543 1164 Nihil...

173 1195 388 1250 proficient
410 1203 646 1250 praecepta,
680 1198 875 1250 quamdiu
905 1198 1035 1239 menti
1057 1210 1171 1240 error
1194 1197 1363 1239 obfusus
1394 1201 1485 1238 est.
1506 1227 1514 1236 .
1533 1228 1542 1237 .

174 1272 287 1312 Idem
320 1273 395 1314 tibi
427 1273 477 1314 de
509 1274 699 1315 omnibus
737 1273 850 1315 vitiis
882 1273 993 1314 dico:
1037 1274 1126 1325 ipsa
1157 1271 1405 1313 removenda
1434 1273 1544 1322 511111,

173 1358 255 1386 11011
277 1347 623 1399 praecipiendum,
656 1348 765 1399 quod
780 1346 870 1388 fieri
898 1347 979 1388 illis
1008 1347 1270 1388 manentibus
1291 1358 1374 1387 non
1394 1348 1543 1398 potest.

231 1454 238 1462 .
286 1420 379 1462 Nisi
410 1422 625 1474 opiniones
658 1422 808 1473 falsas,
853 1422 1002 1474 quibus
1035 1421 1292 1472 laboramus,
1325 1420 1543 1472 expuleris,

173 1506 247 1536 nec
278 1506 442 1546 avarus,
475 1495 679 1547 quomodo
702 1496 901 1537 utendum
923 1496 1098 1547 pecunia
1131 1495 1200 1547 sit,
1235 1494 1439 1545 exaudiet,
1471 1505 1546 1535 nec

174 1569 358 1621 timidUS,
381 1569 586 1622 quomodo
604 1571 789 1622 pericula
808 1574 1056 1611 contemnat.
1105 1569 1264 1619 Quibus
1286 1570 1374 1621 ipse
1392 1568 1546 1610 Seneca

171 1644 415 1696 respondet:
462 1644 602 1686 Etiam
641 1645 812 1686 remotis
850 1644 975 1695 vitiis,
1008 1644 1106 1697 quid
1138 1648 1180 1685 et
1200 1643 1545 1695 quemadmodum

172 1718 394 1760 debeamus
426 1719 581 1770 facere,
614 1719 851 1761 discendum
879 1723 953 1761 est.
1017 1720 1067 1760 In
1098 1719 1162 1759 his
1194 1718 1315 1760 facile
1346 1729 1546 1770 agnosces

172 1793 414 1846 bipartitam
445 1794 558 1836 illam
592 1794 825 1845 corrigendi
856 1795 1081 1845 rationem,
1119 1805 1199 1846 qua
1229 1794 1408 1846 primum
1440 1791 1546 1833 falsa

172 1872 214 1910 et
253 1880 450 1922 perversa
487 1869 713 1920 tolluntur,
759 1869 906 1910 deinde
943 1881 1041 1910 vera
1078 1871 1120 1910 et
1155 1873 1269 1909 recta
1299 1866 1546 1909 efficiuntur.

286 1943 400 1985 Haec
431 1945 662 1986 animorum
695 1945 887 1996 purgatio
919 1948 965 1985 ut
1005 1943 1095 1995 fiat,
1137 1948 1180 1985 et
1218 1943 1290 1995 iiS,
1332 1943 1402 1994 qui
1433 1941 1546 1983 vitiis

172 2024 212 2059 et
243 2018 526 2070 voluptatibus
558 2018 687 2060 dediti
717 2023 833 2069 sunt,
874 2021 915 2058 et
954 2017 1086 2059 falsae
1118 2017 1377 2058 Eruditionis
1414 2022 1546 2057 secta-

172 2092 332 2133 toribus
363 2105 464 2144 opus
487 2097 549 2134 est
570 2093 829 2145 paenitentia
856 2092 972 2145 (35,4
994 2090 1266 2145 μεταμέλεια;
1302 2094 1415 2142 10,4;
1451 2093 1542 2141 11,1

172 2163 397 2218 μετάνοια)
412 2167 458 2220 2).
509 2168 626 2210 Haec
656 2169 697 2209 in
730 2167 890 2209 Tabula
923 2179 1006 2208 non
1037 2171 1101 2208 est
1131 2166 1389 2219 perturbatio
1420 2164 1548 2206 animi

173 2241 223 2282 ob
256 2241 440 2294 singulas
481 2243 680 2294 quasdam
720 2244 850 2282 malas
889 2241 1074 2283 actiones
1106 2241 1272 2292 oborta,
1314 2240 1386 2283 sed
1416 2238 1546 2281 totius

288 2412 314 2455 1)
341 2412 458 2446 Etiam
482 2414 518 2447 in
543 2413 649 2448 verbo
674 2415 891 2446 νοσοποιεῐν
923 2417 957 2447 61
992 2413 1100 2447 Cebes
1131 2418 1166 2446 et
1190 2411 1294 2446 Philo
1319 2410 1547 2454 conveniunt5

172 2471 216 2505 cf.
241 2470 328 2505 Tab.
356 2471 448 2513 19,2:
484 2465 633 2515 ἐξέβαλε
667 2466 711 2503 τὰ
742 2469 1030 2503 νοσοποιοῦντα.
1078 2470 1131 2504 De
1162 2469 1228 2503 hoc
1257 2468 1365 2503 verbo
1397 2479 1426 2502 v.
1453 2466 1549 2501 infra

171 2532 262 2570 part.
290 2526 351 2560 IV.

289 2583 316 2626 ²)
342 2583 560 2618 Vocabulum
587 2583 679 2628 quod
704 2588 756 2618 est
782 2579 963 2627 μετάνοια
989 2593 1009 2617 a
1035 2582 1183 2618 Platone
1207 2588 1242 2617 et
1267 2592 1288 2616 a
1314 2581 1547 2625 Xenophonte

173 2640 327 2674 alienum
352 2645 404 2675 est
429 2641 593 2684 (epistula
619 2642 707 2676 enim
733 2641 979 2684 Xenophontis
1006 2651 1096 2685 quae
1122 2640 1236 2675 fertur
1260 2640 1372 2685 prima
1396 2639 1548 2683 genuina

162 2709 241 2741 ,non
267 2700 350 2742 est);
376 2697 597 2743 μεταμέλεια
623 2699 717 2744 apud
742 2704 931 2743 utrumque
956 2698 1118 2733 occurrit.
