1888 3170
831 187 1111 226 -16-

290 302 408 354 ginta
439 300 560 341 annis
592 302 715 340 natus
747 302 851 349 erat,
884 298 986 339 illud
1007 310 1111 351 opus
1132 302 1275 340 notum
1307 309 1399 339 esse
1423 297 1659 350 potuerit.¹)

290 375 368 417 Sed
391 377 436 415 ut
458 373 636 415 testibus
658 373 740 414 illis
761 371 883 414 fidem
905 372 1149 424 derogemus
1170 371 1406 423 fabulisque
1431 383 1500 413 eos
1522 383 1660 413 suma-

290 460 381 489 mus
413 448 489 488 hac
520 448 562 488 in
594 460 638 488 re
670 446 883 498 delectari,
915 446 957 487 id
988 450 1130 487 tamen
1153 449 1311 488 certum
1333 449 1397 487 est
1416 445 1549 497 Leges
1571 457 1662 487 esse

291 525 548 573 postremum
569 520 756 562 Platonis
789 531 890 572 opus
912 524 954 562 et
979 524 1074 573 post
1105 520 1247 572 libros,
1278 520 1349 571 qui
1380 519 1430 560 de
1450 519 1663 572 republica

294 595 592 646 inscribuntur,
625 597 810 636 extrema
830 595 1012 636 auctoris
1035 597 1170 636 aetate
1190 595 1233 635 in
1254 594 1386 635 lucem
1407 592 1664 646 prodiisse.2)

293 669 477 710 Zellerus
510 681 601 710 eam
633 672 868 721 temporum
899 668 1106 710 rationem
1138 668 1218 710 sibi
1248 668 1418 720 probari
1461 667 1581 719 dicit,
1621 670 1667 708 ut

295 747 528 784 statuamus
567 742 695 784 libros
738 743 787 783 de
827 742 1040 794 republica
1071 741 1276 794 perfectos
1309 755 1401 784 esse
1433 742 1596 782 circiter
1629 754 1665 783 a.

297 820 539 867 370—3683
579 817 704 858 tertio
736 816 884 858 deinde
924 817 1074 859 itinere
1110 816 1315 859 Siciliensi
1357 813 1539 870 362l361
1581 827 1670 856 sus-

298 894 417 943 cepto
449 891 664 932 Platonem
704 894 953 932 commotum
987 903 1096 942 esse,
1134 895 1181 932 ut
1219 891 1270 933 de
1306 891 1518 942 republica
1549 890 1671 931 aliter

298 969 425 1016 atque
465 965 726 1015 instituerat,
776 976 983 1016 exponere
1019 965 1203 1006 animum
1240 965 1469 1006 induceret.
1543 964 1671 1006 Cuius

298 1039 635 1080 commutationis
674 1038 855 1080 fructum
887 1051 977 1080 esse
1008 1039 1136 1081 libros
1158 1040 1349 1092 quisunt
1379 1039 1428 1080 (le
1459 1037 1672 1090 legibus.³)

299 1114 432 1163 Quam
465 1118 697 1166 temporum
729 1114 936 1156 rationem
970 1114 1004 1155 si
1027 1127 1260 1167 sequemur,
1293 1126 1375 1155 non
1398 1118 1496 1155 ante
1519 1125 1672 1154 annum

301 1200 338 1229 a.
382 1187 477 1230 Chr.
520 1200 558 1229 n.
607 1191 687 1230 355
733 1200 802 1230 eos
847 1189 980 1230 editos
1021 1201 1111 1230 esse
1150 1201 1225 1241 pro
1266 1193 1379 1230 certo
1414 1188 1672 1230 habebimus.

302 1262 423 1303 Unde
445 1261 625 1303 efficitur
648 1262 855 1314 Cebetem,
889 1263 925 1304 si
946 1263 1068 1304 huius
1091 1264 1228 1315 operis
1248 1263 1330 1304 fuit
1360 1267 1517 1313 auctor,
1549 1262 1676 1303 maio-

303 1347 389 1376 rem
422 1339 524 1377 natu
557 1336 771 1387 octoginta
803 1337 923 1378 annis
964 1337 1006 1378 id
1045 1337 1346 1389 composuisse,
1390 1337 1499 1389 quod
1535 1349 1678 1388 quam-

304 1422 428 1463 quam
468 1411 775 1452 concedendum
809 1415 873 1453 est
905 1411 992 1453 fieri
1023 1413 1226 1464 potuisse,
1258 1415 1397 1454 tamen
1430 1412 1543 1452 nulla
1574 1411 1679 1453 veri-

305 1484 590 1526 similitudinis
623 1486 760 1538 specie
792 1486 1042 1528 defenditur.

422 1559 540 1600 Hanc
581 1558 868 1601 difficultatem
913 1573 960 1601 ex
1003 1559 1106 1601 Tab.
1140 1572 1172 1601 c,
1206 1562 1303 1610 33,3
1342 1563 1529 1601 exortam
1560 1559 1681 1601 facile

307 1633 397 1673 tolli
421 1633 599 1685 putabat
619 1633 893 1686 Feurlinusss),
926 1635 961 1674 si
993 1636 1285 1684 statueremus,
1320 1645 1399 1675 non
1433 1634 1487 1675 ad
1517 1637 1682 1675 senten-

308 1707 411 1748 tiam
433 1707 622 1749 Platonis
649 1707 802 1749 litteris
824 1707 1079 1759 mandatam,
1113 1709 1186 1750 sed
1217 1709 1269 1749 ad
1291 1709 1445 1749 dictum
1470 1709 1563 1749 viva
1584 1720 1684 1749 voce
1752 1728 1755 1731 ·

310 1781 511 1821 traditum
556 1785 769 1822 auctorem
808 1794 1066 1834 provocasse.
1128 1782 1184 1823 At
1225 1783 1317 1834 quis
1361 1783 1437 1824 hoc
1476 1782 1553 1823 sibi
1594 1793 1684 1833 per-

311 1854 507 1905 suadeat,
540 1868 564 1896 a
599 1855 752 1897 Cebete
783 1868 852 1907 ea,
885 1868 992 1908 quae
1023 1856 1217 1908 privatim
1252 1856 1294 1897 in
1327 1856 1467 1897 schola
1498 1856 1686 1898 Platonis

313 1928 498 1969 audisset
529 1941 718 1981 quaeque
750 1932 849 1970 nota
880 1941 962 1971 non
994 1933 1133 1971 essent
1164 1930 1243 1971 nisi
1265 1930 1410 1982 paucis
1432 1930 1543 1971 illius
1565 1929 1686 1970 disci—

314 2002 434 2054 pulis,
470 2002 653 2054 allegata
684 2015 775 2044 esse
807 2003 850 2044 in
881 2004 988 2045 libro
1019 2004 1072 2045 ad
1105 2016 1320 2045 commune
1342 2004 1539 2045 iudicium
1560 2016 1688 2055 popu-

313 2076 523 2128 laremque
542 2077 873 2129 intellegentiam
894 2078 1235 2119 accommodato?
1259 2078 1360 2118 Mihi
1378 2078 1543 2130 quidem
1562 2078 1688 2118 etiam

314 2155 402 2192 tum
437 2151 515 2192 hac
546 2152 897 2204 interpretatione
928 2153 995 2193 vix
1029 2152 1238 2193 videretur
1268 2153 1467 2193 utendum
1505 2164 1614 2203 esse,
1655 2151 1688 2192 si

315 2226 527 2276 graviores
560 2230 693 2268 testes
724 2229 916 2268 vetarent
937 2226 1139 2268 Tabulam
1163 2225 1305 2268 Cebeti
1329 2227 1539 2268 Socratico
1571 2226 1692 2268 abro-

433 2326 465 2370 1)
492 2326 628 2360 Certior
652 2337 708 2361 res
733 2331 841 2369 esset,
873 2327 901 2360 si
928 2326 1104 2361 Drosihno
1140 2326 1264 2360 liceret
1299 2326 1480 2369 assentiri,
1516 2325 1588 2369 qui,
1613 2336 1691 2359 cum

318 2383 420 2417 Plato
444 2387 605 2417 mortuus
630 2388 691 2427 est,
716 2387 855 2418 centum
880 2394 991 2418 annos
1016 2384 1091 2417 vult
1117 2383 1198 2417 Ceb.
1224 2387 1343 2417 natum
1369 2383 1485 2418 fuisse.
1534 2382 1602 2417 Sed
1621 2383 1694 2417 eius

319 2440 657 2481 argumentationem
682 2439 856 2474 infirmam
882 2451 957 2475 esse
982 2451 1090 2484 supra
1115 2440 1273 2474 vidimus.

436 2495 467 2539 2)
495 2496 537 2531 cf.
563 2497 695 2541 Zeller,
721 2496 777 2531 die
801 2497 891 2531 Phil.
918 2497 979 2531 der
1006 2497 1179 2531 Griechen
1204 2497 1238 2530 II
1266 2499 1302 2540 1,
1333 2508 1367 2540 p.
1393 2498 1480 2539 423,
1512 2497 1596 2539 468,
1628 2497 1692 2530 831

320 2554 400 2588 edit.
427 2554 493 2588 ΙΙΙ.

437 2610 470 2654 ³)
495 2611 612 2646 Zeller
638 2611 674 2644 Π
700 2613 730 2655 1,
755 2622 792 2655 p.
818 2612 885 2646 468
910 2611 993 2646 edit.
1019 2611 1084 2647 ΠΙ.

437 2665 469 2708 ⁴)
497 2667 538 2701 In
563 2667 808 2702 dissertatione
833 2679 867 2712 p.
896 2670 910 2701 1
940 2671 1220 2702 commemorata.
