1888 3170
822 187 1135 223 —112v

294 297 512 350 participio
544 296 731 338 adhibito
771 309 922 338 novum
954 298 1103 340 ceteris
1134 298 1305 339 accedat
1335 297 1552 349 indicium,
1585 309 1665 350 quo

295 372 496 412 Tabulam
529 372 760 412 recentiore
782 376 920 413 aetate
943 372 1173 414 confectam
1198 385 1289 414 esse
1312 370 1529 423 efficiatur,
1554 377 1667 414 certo

295 445 521 486 diiudicare
565 457 646 486 non
692 447 839 486 ausim,
922 446 1145 488 Muellerus
1185 448 1235 488 de
1272 447 1349 488 1106
1388 447 1476 488 1060
1515 460 1564 488 ex
1602 447 1667 497 iis,

295 519 445 572 quibus
470 531 566 559 usus
589 522 665 569 631,
698 519 907 561 codicibus
930 520 1034 560 nihil
1057 521 1288 573 exscripsit.
1351 520 1465 570 Quae
1489 522 1527 561 in
1551 521 1668 561 libris

295 597 460 634 exstant
481 593 595 634 vitiis
623 604 705 634 non
729 605 869 633 carere
890 593 954 633 vel
979 606 1026 634 ex
1049 606 1095 635 60
1118 595 1353 646 suspiceris,
1386 594 1494 646 quod
1518 594 1670 634 versio-

295 679 368 708 nes
397 666 547 708 Odaxii
579 670 620 707 et
651 666 820 708 arabica
851 667 951 708 illud
974 665 1047 708 καὶ
1079 676 1177 709 ante
1209 663 1454 721 ἀγαγοῦσαι
1486 669 1668 720 positum

295 753 376 781 non
409 745 659 793 agnoscunt;
691 742 885 792 quocirca
908 740 1324 793 Schweighaeuserus
1353 754 1428 793 pro
1450 740 1521 782 καὶ
1543 742 1667 783 scribi

296 814 426 855 voluit
457 813 559 865 αίῑ).

296 909 506 946 aggregant,
537 913 615 937 cum
640 903 707 937 hoc
732 903 882 947 faciunt,
919 904 1089 947 incipiant
1119 904 1264 938 introire
1297 904 1338 937 ad
1367 904 1525 938 Virtutes
1551 905 1670 947 itaque

298 960 342 994 ad
369 960 494 994 Veram
523 960 767 995 Eruditionem
793 972 869 995 cum
894 962 1084 1005 accedunt,
1117 962 1266 1005 quodam
1297 961 1399 996 modo
1430 963 1577 1005 ingressi
1603 963 1668 996 iam

297 1018 362 1051 sint
401 1017 444 1050 ad
475 1017 652 1061 Virtutes,
687 1023 802 1052 tamen
848 1029 948 1053 nemo
984 1019 1124 1062 negabit
1156 1029 1197 1052 ex
1230 1019 1486 1062 antiquioribus
1519 1019 1673 1063 quemvis

297 1075 508 1117 scripturum
534 1073 640 1108 fuisse
666 1072 1016 1118 εἰσπορευομένους.

416 1130 442 1174 1)
471 1130 596 1165 Obiter
614 1142 845 1166 commemoro
864 1132 932 1166 alio
952 1133 1039 1176 1060,
1059 1133 1118 1176 qui
1136 1138 1187 1167 est
1204 1135 1276 1176 6,3,
1302 1134 1430 1167 iniuria
1447 1133 1670 1177 participium

303 1188 498 1231 praesentis
525 1185 863 1231 εἰσπορευομένους
896 1189 930 1222 111
956 1189 1186 1232 suspicionem
1215 1196 1375 1224 vocatum
1403 1201 1492 1233 esse,
1524 1201 1600 1223 611111
1631 1191 1674 1223 de

299 1245 347 1279 613
371 1245 442 1279 11116
467 1250 646 1288 ageretur,
672 1246 731 1288 qui
757 1246 1019 1287 introierunt,
1045 1257 1113 1279 11011
1140 1247 1355 1281 introeunt.
1398 1247 1520 1291 Itaque
1549 1248 1587 1291 is,
1614 1247 1673 1290 qui

301 1301 472 1335 recensuit
499 1301 685 1335 editionem
703 1301 872 1335 Drosihni
897 1302 932 1335 111
957 1303 1154 1346 annalibus,
1181 1304 1239 1346 qui
1265 1304 1504 1338 inscribuntur
1523 1304 1674 1337 Literar.

301 1357 535 1392 Centralblatt
557 1358 654 1401 1871,
680 1359 849 1401 scriptum
868 1359 975 1392 voluit
996 1357 1373 1403 εἰσπεπορευμένους.
1408 1361 1674 1404 Supervacanea

299 1426 380 1450 sane
400 1414 608 1459 emendatio,
633 1425 710 1449 cum
728 1416 822 1449 haud
840 1427 921 1449 raro
940 1417 1167 1460 participium
1185 1419 1391 1461 praesentis,
1415 1418 1622 1461 praesertim
1646 1419 1674 1451 si

301 1483 375 1505 cum
408 1473 574 1515 temporis
611 1472 782 1506 adverbiis
823 1469 954 1515 πάλαι,
990 1469 1109 1517 παρος
1144 1479 1208 1508 cet.
1243 1475 1482 1519 coniungitur,
1518 1474 1675 1518 designet

299 1530 469 1563 actionem
489 1530 531 1571 61,
550 1540 639 1573 quae
657 1530 761 1563 verbo
780 1529 881 1564 finito
897 1531 1116 1573 exprimitur,
1136 1532 1262 1565 actioni
1281 1532 1558 1575 praecedentem,
1577 1532 1675 1565 cuius

301 1593 414 1620 tamen
432 1586 575 1621 effectus
593 1588 746 1621 nondum
766 1588 918 1621 evanuit.
955 1587 1004 1622 Cf.
1019 1588 1195 1622 Rieckher
1213 1589 1255 1622 de
1269 1588 1459 1632 participio
1479 1588 1599 1622 aoristi
1615 1588 1675 1621 Gr.

301 1655 337 1686 p.
363 1646 393 1676 4.
443 1643 655 1686 Exemplum
689 1649 809 1677 nostro
842 1644 919 1678 loco
949 1645 1162 1678 simillimum
1195 1657 1238 1678 ex
1269 1646 1431 1688 Xenoph.
1457 1647 1559 1687 Ages.
1588 1646 1675 1688 1,36

303 1701 425 1734 attulit
450 1700 660 1735 Kuehnerus
686 1701 718 1734 11
748 1703 827 1735 177:
853 1696 1070 1745 Ἀγησίλαος
1098 1698 1251 1743 ἐλπίζων
1275 1698 1498 1736 καταλύσειν
1522 1698 1589 1745 τὴν
1616 1698 1677 1735 ἐπὶ

301 1752 545 1801 τὴν“Ελλα’δα
565 1755 752 1801 στρατεύο
766 1770 876 1793 υσαν
900 1755 1122 1803 πρότερον
1147 1754 1274 1803 ἀρχήν,
1294 1760 1351 1793 11111
1372 1760 1676 1794 Breitenbachius:

302 1816 502 1859 imperium,
537 1816 629 1859 quod
656 1821 840 1860 postquam
875 1817 1009 1860 pluries
1036 1816 1205 1851 Graeciae
1240 1818 1367 1851 bellum
1402 1818 1538 1860 intulit,
1574 1818 1675 1850 etiarn

305 1883 397 1907 nunc
423 1872 587 1907 infestum
606 1874 747 1908 Graecis
774 1885 810 1908 se
837 1875 999 1909 ostendit.
1040 1875 1227 1909 Praeterea
1253 1874 1295 1909 cf.
1323 1875 1484 1918 exempla
1509 1885 1529 1908 a
1554 1875 1677 1908 Rieck-

305 1930 390 1963 hero
417 1941 450 1972 p.
480 1932 497 1963 4
523 1936 696 1973 congesta.

420 1987 591 2022 Librariis
624 1989 845 2022 tribuendum
872 1999 947 2023 esse
977 1989 1061 2022 mihi
1087 1989 1239 2031 videtur,
1272 1989 1361 2032 quod
1387 1989 1564 2022 nonnullis
1589 1988 1676 2022 10613

303 2055 368 2088 pro
395 2040 532 2078 ἑαυτοῦ
553 2045 682 2088 legitur
700 2040 830 2079 αὐτοῦ.
873 2046 1066 2089 Schweigh.
1092 2046 1178 2078 nihil
1196 2046 1326 2079 mutari
1345 2045 1464 2089 voluit,
1491 2056 1566 2079 cum
1587 2044 1677 2088 apud

310 2101 492 2147 Polybium
520 2103 659 2145 saepius
683 2103 897 2137 inveniretur
916 2097 1032 2137 αὐτοῦ
1059 2114 1125 2147 pro
1145 2097 1275 2137 αὑτοῦ.
1319 2102 1386 2136 Sed
1411 2103 1593 2145 diligenter
1617 2103 1672 2145 iis,

307 2171 397 2203 quae
416 2160 496 2193 libri
515 2171 726 2203 unoquoque
744 2161 821 2195 loco
840 2162 1022 2204 praebent,
1041 2161 1179 2195 collatis
1201 2160 1404 2194 Dindorfius
1422 2166 1455 2193 et
1470 2160 1677 2194 Hultscbius

310 2227 350 2249 eo
369 2217 460 2250 ducti
489 2224 580 2260 sunt,
608 2224 647 2251 ut
664 2218 794 2261 ubique
819 2219 948 2253 formas
973 2219 1099 2262 spiritu
1123 2228 1249 2261 aspero
1269 2218 1419 2260 scriptas
1437 2218 1678 2252 restituerent.

306 2273 402 2307 Idem
432 2284 494 2308 nos
525 2275 558 2306 111
587 2275 715 2308 (611616
744 2275 926 2317 faciemus,
958 2275 1162 2318 praesertim
1193 2286 1268 2308 cum
1305 2275 1417 2307 tribus
1442 2274 1554 2308 solum
1592 2274 1679 2307 locis

307 2325 424 2364 αὐτοῦ
466 2342 530 2374 pro
575 2326 695 2364 αὑτοῦ
728 2332 826 2367 codd.
869 2333 1055 2366 exhibeant
1094 2334 1174 2375 (1,2
1206 2328 1246 2365 ἐν
1277 2326 1377 2377 αὐτῷ
1411 2351 1450 2356 -
1483 2332 1548 2375 9,2
1587 2325 1678 2373 παρ’

307 2382 439 2427 oritate
465 2407 505 2412 —
535 2390 622 2429 16‚4
647 2385 740 2431 πρὸς
765 2383 899 2430 witois-3
935 2389 990 2433 M,
1015 2389 1113 2423 cuius
1138 2389 1235 2423 nulla
1261 2389 1453 2422 auctoritas
1477 2393 1548 2432 631,
1573 2389 1679 2422 etiam

309 2447 412 2488 10,2;
438 2447 493 2489 23,
507 2447 554 2488 4).

421 2502 474 2535 Ne
500 2503 533 2536 id
560 2503 698 2546 quidem
726 2504 769 2537 ad
795 2509 948 2538 nostram
975 2504 1252 2548 disquisitionem
1277 2504 1385 2538 ullius
1411 2503 1575 2547 ponderis
1602 2513 1679 2537 esse

308 2560 459 2601 videtur,
486 2561 578 2604 quod
602 2563 688 2604 10‚2
714 2572 906 2604 pronomen
933 2561 1133 2596 refleximm
1159 2572 1227 2595 non
1253 2572 1316 2595 suo
1344 2561 1419 2595 1060
1438 2561 1587 2604 positum
1607 2566 1677 2593 est:

308 2613 372 2655 τὰς
397 2619 520 2660 τρίχας
545 2619 714 2652 amoma
743 2615 895 2662 ἕαυτῆς;
928 2621 1014 2653 idem
1048 2621 1136 2653 enim
1168 2619 1259 2662 apud
1300 2620 1531 2661 Herodotum,
1568 2620 1679 2652 Xeno-

310 2674 488 2718 phontem.v
519 2676 785 2718 Aristophanem
813 2678 1054 2720 compluribus
1080 2677 1165 2711 locis
1190 2677 1377 2710 invenitur„

1872 2675 1881 2699 ι’

1862 2702 1882 2811 i
