<?xml version="1.0" encoding="UTF-8"?>
<!DOCTYPE html PUBLIC "-//W3C//DTD XHTML 1.0 Transitional//EN"
    "http://www.w3.org/TR/xhtml1/DTD/xhtml1-transitional.dtd">
<html xmlns="http://www.w3.org/1999/xhtml" xml:lang="en" lang="en">
 <head>
  <title>
</title>
<meta http-equiv="Content-Type" content="text/html;charset=utf-8" />
  <meta name='ocr-system' content='tesseract 3.04.00' />
  <meta name='ocr-capabilities' content='ocr_page ocr_carea ocr_par ocr_line ocrx_word'/>
</head>
<body>
  <div class='ocr_page' id='page_1' title='image "./cebetistabulaqua00praeuoft_0130.png"; bbox 0 0 1888 3170; ppageno 0'>
   <div class='ocr_carea' id='block_1_1' title="bbox 823 180 1135 218">
    <p class='ocr_par' dir='ltr' id='par_1_1' title="bbox 823 180 1135 218">
     <span class='ocr_line' id='line_1_1' title="bbox 823 180 1135 218; baseline 0.003 -1"><span class='ocrx_word' id='word_1_1' title='bbox 823 180 1135 218; x_wconf 83' lang='lat'>—122—</span> 
     </span>
    </p>
   </div>
   <div class='ocr_carea' id='block_1_2' title="bbox 296 287 1667 485">
    <p class='ocr_par' dir='ltr' id='par_1_2' title="bbox 296 287 1667 485">
     <span class='ocr_line' id='line_1_2' title="bbox 411 287 1667 342; baseline 0.002 -14"><span class='ocrx_word' id='word_1_2' title='bbox 411 287 510 336; x_wconf 81' lang='grc' dir='ltr'><em>ἕξις</em></span> <span class='ocrx_word' id='word_1_3' title='bbox 542 287 845 338; x_wconf 80' lang='lat' dir='ltr'>significatione</span> <span class='ocrx_word' id='word_1_4' title='bbox 875 289 1089 331; x_wconf 78' lang='lat' dir='ltr'>facultatis</span> <span class='ocrx_word' id='word_1_5' title='bbox 1127 302 1159 331; x_wconf 88' lang='lat' dir='ltr'>s.</span> <span class='ocrx_word' id='word_1_6' title='bbox 1192 289 1367 341; x_wconf 82' lang='lat' dir='ltr'>peritiae</span> <span class='ocrx_word' id='word_1_7' title='bbox 1399 291 1507 342; x_wconf 87' lang='lat' dir='ltr'>apud</span> <span class='ocrx_word' id='word_1_8' title='bbox 1530 290 1667 330; x_wconf 86' lang='lat' dir='ltr'>Plato—</span> 
     </span>
     <span class='ocr_line' id='line_1_3' title="bbox 296 359 1667 417; baseline 0.002 -16"><span class='ocrx_word' id='word_1_9' title='bbox 296 373 390 402; x_wconf 84' lang='lat' dir='ltr'>nem</span> <span class='ocrx_word' id='word_1_10' title='bbox 409 361 594 412; x_wconf 82' lang='lat' dir='ltr'>obvenit;</span> <span class='ocrx_word' id='word_1_11' title='bbox 617 362 715 402; x_wconf 83' lang='lat' dir='ltr'>item</span> <span class='ocrx_word' id='word_1_12' title='bbox 733 362 898 414; x_wconf 80' lang='lat' dir='ltr'>phrasis</span> <span class='ocrx_word' id='word_1_13' title='bbox 916 359 1006 412; x_wconf 72' lang='grc' dir='ltr'><em>ἕξιν</em></span> <span class='ocrx_word' id='word_1_14' title='bbox 1023 365 1147 417; x_wconf 78' lang='grc' dir='ltr'><em>ἔχειν.</em></span> <span class='ocrx_word' id='word_1_15' title='bbox 1165 387 1219 391; x_wconf 79' lang='lat'>—</span> <span class='ocrx_word' id='word_1_16' title='bbox 1238 362 1328 413; x_wconf 76' lang='grc' dir='ltr'><em>ἕξιν</em></span> <span class='ocrx_word' id='word_1_17' title='bbox 1345 367 1667 415; x_wconf 78' lang='grc' dir='ltr'><em>περιποιεῖσθαι</em></span> 
     </span>
     <span class='ocr_line' id='line_1_4' title="bbox 297 435 1528 485; baseline 0.003 -10"><span class='ocrx_word' id='word_1_18' title='bbox 297 436 429 485; x_wconf 75' lang='lat'>(20‚4)</span> <span class='ocrx_word' id='word_1_19' title='bbox 463 446 545 475; x_wconf 90' lang='lat' dir='ltr'>non</span> <span class='ocrx_word' id='word_1_20' title='bbox 578 439 673 475; x_wconf 84' lang='lat' dir='ltr'>ante</span> <span class='ocrx_word' id='word_1_21' title='bbox 705 435 933 478; x_wconf 83' lang='lat' dir='ltr'>Diodorum</span> <span class='ocrx_word' id='word_1_22' title='bbox 963 438 1128 479; x_wconf 85' lang='lat' dir='ltr'>videtur</span> <span class='ocrx_word' id='word_1_23' title='bbox 1159 437 1391 479; x_wconf 83' lang='lat' dir='ltr'>adhibitum</span> <span class='ocrx_word' id='word_1_24' title='bbox 1424 449 1528 479; x_wconf 91' lang='lat' dir='ltr'>esse.</span> 
     </span>
    </p>
   </div>
   <div class='ocr_carea' id='block_1_3' title="bbox 411 516 1364 660">
    <p class='ocr_par' dir='ltr' id='par_1_3' title="bbox 411 516 1364 660">
     <span class='ocr_line' id='line_1_5' title="bbox 411 516 1364 574; baseline 0.003 -14"><span class='ocrx_word' id='word_1_25' title='bbox 411 516 605 569; x_wconf 66' lang='grc' dir='ltr'>ἐπάνω-ος</span> <span class='ocrx_word' id='word_1_26' title='bbox 638 519 687 561; x_wconf 86' lang='lat' dir='ltr'>cf.</span> <span class='ocrx_word' id='word_1_27' title='bbox 722 532 826 572; x_wconf 88' lang='lat' dir='ltr'>quae</span> <span class='ocrx_word' id='word_1_28' title='bbox 859 534 986 574; x_wconf 88' lang='lat' dir='ltr'>supra</span> <span class='ocrx_word' id='word_1_29' title='bbox 1016 523 1193 564; x_wconf 81' lang='lat' dir='ltr'>diximus</span> <span class='ocrx_word' id='word_1_30' title='bbox 1224 535 1262 574; x_wconf 86' lang='lat' dir='ltr'>p.</span> <span class='ocrx_word' id='word_1_31' title='bbox 1299 525 1364 563; x_wconf 82' lang='lat'>50.</span> 
     </span>
     <span class='ocr_line' id='line_1_6' title="bbox 412 604 1349 660; baseline 0.002 -16"><span class='ocrx_word' id='word_1_32' title='bbox 412 604 725 646; x_wconf 80' lang='grc' dir='ltr'><em>ἐπικατοικῶ</em></span> <span class='ocrx_word' id='word_1_33' title='bbox 760 608 864 648; x_wconf 84' lang='lat' dir='ltr'>alias</span> <span class='ocrx_word' id='word_1_34' title='bbox 896 619 1100 660; x_wconf 82' lang='lat' dir='ltr'>nusquam</span> <span class='ocrx_word' id='word_1_35' title='bbox 1132 610 1349 660; x_wconf 86' lang='lat' dir='ltr'>reperitur.</span> 
     </span>
    </p>
   </div>
   <div class='ocr_carea' id='block_1_4' title="bbox 296 690 1672 1194">
    <p class='ocr_par' dir='ltr' id='par_1_4' title="bbox 296 690 1672 1194">
     <span class='ocr_line' id='line_1_7' title="bbox 410 690 1668 750; baseline 0.003 -14"><span class='ocrx_word' id='word_1_36' title='bbox 410 690 698 749; x_wconf 77' lang='grc' dir='ltr'><em>εὐπόρητος</em></span> <span class='ocrx_word' id='word_1_37' title='bbox 728 698 824 739; x_wconf 83' lang='lat' dir='ltr'>libri</span> <span class='ocrx_word' id='word_1_38' title='bbox 855 699 1058 750; x_wconf 79' lang='lat' dir='ltr'>praebent</span> <span class='ocrx_word' id='word_1_39' title='bbox 1099 703 1205 750; x_wconf 85' lang='grc'><strong>16,5.</strong></span> <span class='ocrx_word' id='word_1_40' title='bbox 1268 699 1346 741; x_wconf 85' lang='lat' dir='ltr'>Sed</span> <span class='ocrx_word' id='word_1_41' title='bbox 1386 699 1461 740; x_wconf 89' lang='lat' dir='ltr'>hoc</span> <span class='ocrx_word' id='word_1_42' title='bbox 1491 699 1668 740; x_wconf 84' lang='lat' dir='ltr'>vocabu-</span> 
     </span>
     <span class='ocr_line' id='line_1_8' title="bbox 297 770 1670 826; baseline 0.002 -16"><span class='ocrx_word' id='word_1_43' title='bbox 297 770 380 811; x_wconf 91' lang='lat' dir='ltr'>lum</span> <span class='ocrx_word' id='word_1_44' title='bbox 413 781 517 820; x_wconf 85' lang='lat' dir='ltr'>eam,</span> <span class='ocrx_word' id='word_1_45' title='bbox 551 783 655 823; x_wconf 88' lang='lat' dir='ltr'>quae</span> <span class='ocrx_word' id='word_1_46' title='bbox 678 771 744 813; x_wconf 90' lang='lat' dir='ltr'>hic</span> <span class='ocrx_word' id='word_1_47' title='bbox 765 785 815 812; x_wconf 84' lang='lat' dir='ltr'>ex</span> <span class='ocrx_word' id='word_1_48' title='bbox 837 773 1068 814; x_wconf 81' lang='lat' dir='ltr'>sententiae</span> <span class='ocrx_word' id='word_1_49' title='bbox 1089 775 1249 815; x_wconf 79' lang='lat' dir='ltr'>ratione</span> <span class='ocrx_word' id='word_1_50' title='bbox 1273 773 1510 826; x_wconf 81' lang='lat' dir='ltr'>requiritur‚</span> <span class='ocrx_word' id='word_1_51' title='bbox 1543 773 1670 824; x_wconf 83' lang='lat' dir='ltr'>signi-</span> 
     </span>
     <span class='ocr_line' id='line_1_9' title="bbox 296 842 1671 900; baseline 0.002 -17"><span class='ocrx_word' id='word_1_52' title='bbox 296 843 531 885; x_wconf 82' lang='lat' dir='ltr'>ficationem</span> <span class='ocrx_word' id='word_1_53' title='bbox 563 857 697 897; x_wconf 88' lang='lat' dir='ltr'>neque</span> <span class='ocrx_word' id='word_1_54' title='bbox 726 847 853 888; x_wconf 90' lang='lat' dir='ltr'>habet</span> <span class='ocrx_word' id='word_1_55' title='bbox 884 859 1016 899; x_wconf 87' lang='lat' dir='ltr'>neque</span> <span class='ocrx_word' id='word_1_56' title='bbox 1047 847 1201 889; x_wconf 86' lang='lat' dir='ltr'>habere</span> <span class='ocrx_word' id='word_1_57' title='bbox 1232 851 1389 900; x_wconf 77' lang='lat' dir='ltr'>potest3</span> <span class='ocrx_word' id='word_1_58' title='bbox 1428 842 1671 899; x_wconf 75' lang='grc' dir='ltr'><em>εὐπόρητος</em></span> 
     </span>
     <span class='ocr_line' id='line_1_10' title="bbox 298 915 1671 971; baseline 0.001 -13"><span class='ocrx_word' id='word_1_59' title='bbox 298 917 507 970; x_wconf 71' lang='lat' dir='ltr'>Hesychio</span> <span class='ocrx_word' id='word_1_60' title='bbox 537 923 645 961; x_wconf 86' lang='lat' dir='ltr'>teste</span> <span class='ocrx_word' id='word_1_61' title='bbox 679 925 741 962; x_wconf 82' lang='lat' dir='ltr'>est</span> <span class='ocrx_word' id='word_1_62' title='bbox 773 915 794 962; x_wconf 85' lang='grc' dir='ltr'><em>ὁ</em></span> <span class='ocrx_word' id='word_1_63' title='bbox 818 923 958 970; x_wconf 76' lang='grc' dir='ltr'><em>καλῶς</em></span> <span class='ocrx_word' id='word_1_64' title='bbox 981 922 1175 962; x_wconf 78' lang='grc' dir='ltr'><em>διοικῶν.</em></span> <span class='ocrx_word' id='word_1_65' title='bbox 1238 922 1325 962; x_wconf 89' lang='lat' dir='ltr'>Hoc</span> <span class='ocrx_word' id='word_1_66' title='bbox 1356 922 1445 963; x_wconf 89' lang='lat' dir='ltr'>loco</span> <span class='ocrx_word' id='word_1_67' title='bbox 1467 920 1671 971; x_wconf 78' lang='lat' dir='ltr'>Schweig-</span> 
     </span>
     <span class='ocr_line' id='line_1_11' title="bbox 298 990 1671 1047; baseline 0.002 -16"><span class='ocrx_word' id='word_1_68' title='bbox 298 991 524 1034; x_wconf 87' lang='lat' dir='ltr'>haeuserus</span> <span class='ocrx_word' id='word_1_69' title='bbox 557 994 762 1045; x_wconf 79' lang='lat' dir='ltr'>probabili</span> <span class='ocrx_word' id='word_1_70' title='bbox 785 996 1023 1037; x_wconf 86' lang='lat' dir='ltr'>coniectura</span> <span class='ocrx_word' id='word_1_71' title='bbox 1049 1001 1265 1037; x_wconf 83' lang='lat' dir='ltr'>assecutus</span> <span class='ocrx_word' id='word_1_72' title='bbox 1299 1002 1363 1036; x_wconf 88' lang='lat' dir='ltr'>est-</span> <span class='ocrx_word' id='word_1_73' title='bbox 1393 990 1671 1047; x_wconf 76' lang='grc' dir='ltr'><em>εὐπόρευτος,</em></span> 
     </span>
     <span class='ocr_line' id='line_1_12' title="bbox 299 1065 1672 1121; baseline 0.001 -15"><span class='ocrx_word' id='word_1_74' title='bbox 299 1066 407 1118; x_wconf 87' lang='lat' dir='ltr'>quod</span> <span class='ocrx_word' id='word_1_75' title='bbox 450 1067 682 1110; x_wconf 84' lang='lat' dir='ltr'>Jerramius</span> <span class='ocrx_word' id='word_1_76' title='bbox 726 1070 895 1121; x_wconf 85' lang='lat' dir='ltr'>recepit.</span> <span class='ocrx_word' id='word_1_77' title='bbox 956 1069 1110 1111; x_wconf 76' lang='lat' dir='ltr'>Exstat</span> <span class='ocrx_word' id='word_1_78' title='bbox 1152 1065 1418 1121; x_wconf 76' lang='grc' dir='ltr'><em>εὐπόρευτος</em></span> <span class='ocrx_word' id='word_1_79' title='bbox 1461 1068 1570 1121; x_wconf 84' lang='lat' dir='ltr'>apud</span> <span class='ocrx_word' id='word_1_80' title='bbox 1607 1079 1672 1108; x_wconf 92' lang='lat' dir='ltr'>ec-</span> 
     </span>
     <span class='ocr_line' id='line_1_13' title="bbox 299 1139 820 1194; baseline 0.008 -14"><span class='ocrx_word' id='word_1_81' title='bbox 299 1139 552 1183; x_wconf 86' lang='lat' dir='ltr'>clesiasticos</span> <span class='ocrx_word' id='word_1_82' title='bbox 584 1143 820 1194; x_wconf 85' lang='lat' dir='ltr'>scriptores.</span> 
     </span>
    </p>
   </div>
   <div class='ocr_carea' id='block_1_5' title="bbox 300 1228 1673 1595">
    <p class='ocr_par' dir='ltr' id='par_1_5' title="bbox 300 1228 1673 1595">
     <span class='ocr_line' id='line_1_14' title="bbox 417 1228 1673 1287; baseline 0.001 -15"><span class='ocrx_word' id='word_1_83' title='bbox 417 1231 635 1283; x_wconf 85' lang='lat' dir='ltr'>(Vocabuli</span> <span class='ocrx_word' id='word_1_84' title='bbox 664 1229 869 1282; x_wconf 77' lang='grc' dir='ltr'><em>εὔτακτος</em></span> <span class='ocrx_word' id='word_1_85' title='bbox 902 1233 1036 1287; x_wconf 79' lang='grc'>[12,2;</span> <span class='ocrx_word' id='word_1_86' title='bbox 1075 1237 1162 1285; x_wconf 78' lang='lat'>16,1</span> <span class='ocrx_word' id='word_1_87' title='bbox 1187 1234 1368 1275; x_wconf 81' lang='lat' dir='ltr'>Parisini</span> <span class='ocrx_word' id='word_1_88' title='bbox 1399 1228 1673 1286; x_wconf 71' lang='grc' dir='ltr'><em>εὐεκτούσας,</em></span> 
     </span>
     <span class='ocr_line' id='line_1_15' title="bbox 301 1303 1672 1361; baseline 0.002 -17"><span class='ocrx_word' id='word_1_89' title='bbox 301 1307 365 1356; x_wconf 73' lang='lat' dir='ltr'>M,</span> <span class='ocrx_word' id='word_1_90' title='bbox 399 1306 467 1356; x_wconf 89' lang='lat' dir='ltr'>qui</span> <span class='ocrx_word' id='word_1_91' title='bbox 512 1305 630 1348; x_wconf 88' lang='lat' dir='ltr'>nihili</span> <span class='ocrx_word' id='word_1_92' title='bbox 662 1306 876 1349; x_wconf 86' lang='lat' dir='ltr'>faciendus</span> <span class='ocrx_word' id='word_1_93' title='bbox 910 1312 991 1359; x_wconf 79' lang='lat' dir='ltr'>est,</span> <span class='ocrx_word' id='word_1_94' title='bbox 1034 1303 1288 1361; x_wconf 73' lang='grc' dir='ltr'>εὐτάκτους]</span> <span class='ocrx_word' id='word_1_95' title='bbox 1332 1320 1430 1349; x_wconf 92' lang='lat' dir='ltr'>usus</span> <span class='ocrx_word' id='word_1_96' title='bbox 1471 1307 1522 1348; x_wconf 88' lang='lat' dir='ltr'>ab</span> <span class='ocrx_word' id='word_1_97' title='bbox 1567 1307 1672 1347; x_wconf 83' lang='lat' dir='ltr'>anti-</span> 
     </span>
     <span class='ocr_line' id='line_1_16' title="bbox 301 1380 1672 1435; baseline 0.001 -16"><span class='ocrx_word' id='word_1_98' title='bbox 301 1380 492 1431; x_wconf 85' lang='lat' dir='ltr'>quiorum</span> <span class='ocrx_word' id='word_1_99' title='bbox 517 1382 812 1423; x_wconf 76' lang='lat' dir='ltr'>consuetudine</span> <span class='ocrx_word' id='word_1_100' title='bbox 833 1394 914 1424; x_wconf 91' lang='lat' dir='ltr'>non</span> <span class='ocrx_word' id='word_1_101' title='bbox 939 1383 1147 1435; x_wconf 74' lang='lat' dir='ltr'>discrepat</span> <span class='ocrx_word' id='word_1_102' title='bbox 1179 1381 1246 1435; x_wconf 88' lang='lat' dir='ltr'>[cf.</span> <span class='ocrx_word' id='word_1_103' title='bbox 1282 1383 1409 1423; x_wconf 82' lang='lat' dir='ltr'>Arist.</span> <span class='ocrx_word' id='word_1_104' title='bbox 1442 1381 1548 1422; x_wconf 82' lang='lat' dir='ltr'>Nub.</span> <span class='ocrx_word' id='word_1_105' title='bbox 1578 1383 1672 1431; x_wconf 84' lang='lat'><strong>964,</strong></span> 
     </span>
     <span class='ocr_line' id='line_1_17' title="bbox 300 1455 1456 1509; baseline 0.003 -15"><span class='ocrx_word' id='word_1_106' title='bbox 300 1455 370 1495; x_wconf 87' lang='lat' dir='ltr'>ubi</span> <span class='ocrx_word' id='word_1_107' title='bbox 401 1455 442 1495; x_wconf 87' lang='lat' dir='ltr'>id</span> <span class='ocrx_word' id='word_1_108' title='bbox 474 1455 693 1508; x_wconf 80' lang='lat' dir='ltr'>significat,</span> <span class='ocrx_word' id='word_1_109' title='bbox 726 1458 836 1509; x_wconf 88' lang='lat' dir='ltr'>quod</span> <span class='ocrx_word' id='word_1_110' title='bbox 867 1469 942 1499; x_wconf 88' lang='lat' dir='ltr'>nos</span> <span class='ocrx_word' id='word_1_111' title='bbox 976 1457 1150 1499; x_wconf 85' lang='lat' dir='ltr'>dicimus</span> <span class='ocrx_word' id='word_1_112' title='bbox 1188 1455 1456 1509; x_wconf 72' lang='lat' dir='ltr'>„sittsam“]).</span> 
     </span>
     <span class='ocr_line' id='line_1_18' title="bbox 416 1536 985 1595; baseline 0.004 -13"><span class='ocrx_word' id='word_1_113' title='bbox 416 1536 651 1593; x_wconf 73' lang='grc' dir='ltr'>εὖταξιά;</span> <span class='ocrx_word' id='word_1_114' title='bbox 684 1542 734 1584; x_wconf 84' lang='lat' dir='ltr'>cf.</span> <span class='ocrx_word' id='word_1_115' title='bbox 767 1556 805 1595; x_wconf 84' lang='lat' dir='ltr'>p.</span> <span class='ocrx_word' id='word_1_116' title='bbox 842 1547 892 1585; x_wconf 81' lang='lat'>78</span> <span class='ocrx_word' id='word_1_117' title='bbox 926 1555 985 1595; x_wconf 85' lang='lat' dir='ltr'>sq.</span> 
     </span>
    </p>
   </div>
   <div class='ocr_carea' id='block_1_6' title="bbox 302 1627 1676 1914">
    <p class='ocr_par' dir='ltr' id='par_1_6' title="bbox 302 1627 1676 1914">
     <span class='ocr_line' id='line_1_19' title="bbox 422 1627 1676 1686; baseline -0.002 -13"><span class='ocrx_word' id='word_1_118' title='bbox 422 1627 670 1686; x_wconf 76' lang='grc' dir='ltr'><em>ἡδονικοί</em></span> <span class='ocrx_word' id='word_1_119' title='bbox 704 1634 838 1685; x_wconf 82' lang='grc'>(13,2)</span> <span class='ocrx_word' id='word_1_120' title='bbox 879 1633 1220 1686; x_wconf 83' lang='lat' dir='ltr'>philosophorum</span> <span class='ocrx_word' id='word_1_121' title='bbox 1260 1632 1443 1674; x_wconf 87' lang='lat' dir='ltr'>scholam</span> <span class='ocrx_word' id='word_1_122' title='bbox 1483 1631 1676 1682; x_wconf 83' lang='lat' dir='ltr'>designat</span> 
     </span>
     <span class='ocr_line' id='line_1_20' title="bbox 302 1704 1675 1760; baseline 0.001 -15"><span class='ocrx_word' id='word_1_123' title='bbox 302 1707 411 1758; x_wconf 89' lang='lat' dir='ltr'>apud</span> <span class='ocrx_word' id='word_1_124' title='bbox 443 1707 706 1749; x_wconf 79' lang='lat' dir='ltr'>Athenaeum</span> <span class='ocrx_word' id='word_1_125' title='bbox 739 1709 806 1759; x_wconf 86' lang='lat' dir='ltr'>(de</span> <span class='ocrx_word' id='word_1_126' title='bbox 836 1710 923 1750; x_wconf 83' lang='lat' dir='ltr'>vita</span> <span class='ocrx_word' id='word_1_127' title='bbox 952 1708 1156 1760; x_wconf 74' lang='lat' dir='ltr'>voluptati</span> <span class='ocrx_word' id='word_1_128' title='bbox 1189 1707 1327 1749; x_wconf 87' lang='lat' dir='ltr'>dedita</span> <span class='ocrx_word' id='word_1_129' title='bbox 1357 1707 1531 1748; x_wconf 81' lang='lat' dir='ltr'>Aristot.</span> <span class='ocrx_word' id='word_1_130' title='bbox 1564 1704 1675 1757; x_wconf 86' lang='lat' dir='ltr'>apud</span> 
     </span>
     <span class='ocr_line' id='line_1_21' title="bbox 304 1780 1675 1834; baseline -0.001 -13"><span class='ocrx_word' id='word_1_131' title='bbox 304 1780 423 1833; x_wconf 84' lang='lat' dir='ltr'>Diog.</span> <span class='ocrx_word' id='word_1_132' title='bbox 464 1781 602 1823; x_wconf 89' lang='lat' dir='ltr'>Laert.</span> <span class='ocrx_word' id='word_1_133' title='bbox 638 1786 752 1833; x_wconf 83' lang='lat'>5,31;</span> <span class='ocrx_word' id='word_1_134' title='bbox 795 1783 845 1824; x_wconf 83' lang='lat' dir='ltr'>(le</span> <span class='ocrx_word' id='word_1_135' title='bbox 883 1783 952 1833; x_wconf 78' lang='lat' dir='ltr'>iis,</span> <span class='ocrx_word' id='word_1_136' title='bbox 996 1794 1102 1834; x_wconf 87' lang='lat' dir='ltr'>quae</span> <span class='ocrx_word' id='word_1_137' title='bbox 1145 1786 1305 1833; x_wconf 83' lang='lat' dir='ltr'>gratam</span> <span class='ocrx_word' id='word_1_138' title='bbox 1350 1780 1509 1822; x_wconf 84' lang='lat' dir='ltr'>faciunt</span> <span class='ocrx_word' id='word_1_139' title='bbox 1544 1780 1675 1820; x_wconf 86' lang='lat' dir='ltr'>vitam</span> 
     </span>
     <span class='ocr_line' id='line_1_22' title="bbox 302 1853 1412 1914; baseline 0.001 -20"><span class='ocrx_word' id='word_1_140' title='bbox 302 1853 519 1908; x_wconf 72' lang='lat' dir='ltr'>Chrysipp.</span> <span class='ocrx_word' id='word_1_141' title='bbox 547 1855 677 1909; x_wconf 71' lang='lat' dir='ltr'>Tyan.</span> <span class='ocrx_word' id='word_1_142' title='bbox 712 1869 776 1908; x_wconf 84' lang='lat' dir='ltr'>ap.</span> <span class='ocrx_word' id='word_1_143' title='bbox 811 1857 1001 1914; x_wconf 80' lang='lat' dir='ltr'>Athen.);</span> <span class='ocrx_word' id='word_1_144' title='bbox 1035 1856 1084 1897; x_wconf 85' lang='lat' dir='ltr'>ef.</span> <span class='ocrx_word' id='word_1_145' title='bbox 1120 1868 1244 1908; x_wconf 85' lang='lat' dir='ltr'>supra</span> <span class='ocrx_word' id='word_1_146' title='bbox 1275 1868 1312 1907; x_wconf 88' lang='lat' dir='ltr'>p.</span> <span class='ocrx_word' id='word_1_147' title='bbox 1350 1858 1412 1896; x_wconf 88' lang='lat'>17.</span> 
     </span>
    </p>
   </div>
   <div class='ocr_carea' id='block_1_7' title="bbox 303 1945 1675 2147">
    <p class='ocr_par' dir='ltr' id='par_1_7' title="bbox 303 1945 1675 2147">
     <span class='ocr_line' id='line_1_23' title="bbox 418 1945 1675 2001; baseline -0.001 -14"><span class='ocrx_word' id='word_1_148' title='bbox 418 1948 551 1996; x_wconf 76' lang='grc' dir='ltr'><em>ῐὸιος</em></span> <span class='ocrx_word' id='word_1_149' title='bbox 582 1949 688 1999; x_wconf 86' lang='lat' dir='ltr'>(l,l)</span> <span class='ocrx_word' id='word_1_150' title='bbox 727 1954 791 1991; x_wconf 86' lang='lat' dir='ltr'>est</span> <span class='ocrx_word' id='word_1_151' title='bbox 833 1948 1106 2001; x_wconf 65' lang='lat' dir='ltr'>„singularis“</span> <span class='ocrx_word' id='word_1_152' title='bbox 1148 1948 1257 2000; x_wconf 89' lang='lat' dir='ltr'>apud</span> <span class='ocrx_word' id='word_1_153' title='bbox 1294 1946 1564 1988; x_wconf 80' lang='lat' dir='ltr'>Aristotelem</span> <span class='ocrx_word' id='word_1_154' title='bbox 1607 1945 1675 1997; x_wconf 91' lang='lat' dir='ltr'>(de</span> 
     </span>
     <span class='ocr_line' id='line_1_24' title="bbox 303 2020 1672 2075; baseline 0 -15"><span class='ocrx_word' id='word_1_155' title='bbox 303 2033 396 2072; x_wconf 80' lang='lat' dir='ltr'>gen.</span> <span class='ocrx_word' id='word_1_156' title='bbox 429 2022 554 2062; x_wconf 87' lang='lat' dir='ltr'>anim.</span> <span class='ocrx_word' id='word_1_157' title='bbox 580 2025 602 2063; x_wconf 90' lang='lat'>3</span> <span class='ocrx_word' id='word_1_158' title='bbox 627 2034 657 2063; x_wconf 92' lang='lat' dir='ltr'>c.</span> <span class='ocrx_word' id='word_1_159' title='bbox 696 2027 746 2064; x_wconf 90' lang='lat'>10</span> <span class='ocrx_word' id='word_1_160' title='bbox 779 2022 928 2073; x_wconf 76' lang='lat' dir='ltr'>nied.]);</span> <span class='ocrx_word' id='word_1_161' title='bbox 961 2026 1105 2075; x_wconf 90' lang='lat' dir='ltr'>postea</span> <span class='ocrx_word' id='word_1_162' title='bbox 1136 2022 1213 2062; x_wconf 90' lang='lat' dir='ltr'>hac</span> <span class='ocrx_word' id='word_1_163' title='bbox 1243 2021 1411 2062; x_wconf 89' lang='lat' dir='ltr'>notione</span> <span class='ocrx_word' id='word_1_164' title='bbox 1442 2020 1672 2062; x_wconf 86' lang='lat' dir='ltr'>adhibitum</span> 
     </span>
     <span class='ocr_line' id='line_1_25' title="bbox 304 2096 916 2147; baseline 0.003 -11"><span class='ocrx_word' id='word_1_165' title='bbox 304 2102 367 2137; x_wconf 85' lang='lat' dir='ltr'>est</span> <span class='ocrx_word' id='word_1_166' title='bbox 398 2109 421 2136; x_wconf 82' lang='lat' dir='ltr'>a</span> <span class='ocrx_word' id='word_1_167' title='bbox 454 2096 648 2147; x_wconf 83' lang='lat' dir='ltr'>Diodoro,</span> <span class='ocrx_word' id='word_1_168' title='bbox 681 2097 916 2139; x_wconf 78' lang='lat' dir='ltr'>Plutarcho.</span> 
     </span>
    </p>
   </div>
   <div class='ocr_carea' id='block_1_8' title="bbox 304 2184 1675 2386">
    <p class='ocr_par' dir='ltr' id='par_1_8' title="bbox 304 2184 1675 2386">
     <span class='ocr_line' id='line_1_26' title="bbox 418 2184 1674 2240; baseline -0.003 -12"><span class='ocrx_word' id='word_1_169' title='bbox 418 2187 552 2240; x_wconf 80' lang='grc' dir='ltr'><em>θέμα</em></span> <span class='ocrx_word' id='word_1_170' title='bbox 599 2188 733 2240; x_wconf 80' lang='lat'><strong>(31‚4)</strong></span> <span class='ocrx_word' id='word_1_171' title='bbox 796 2188 1029 2240; x_wconf 89' lang='lat' dir='ltr'>depositum</span> <span class='ocrx_word' id='word_1_172' title='bbox 1082 2185 1289 2238; x_wconf 78' lang='lat' dir='ltr'>significat</span> <span class='ocrx_word' id='word_1_173' title='bbox 1352 2185 1462 2236; x_wconf 88' lang='lat' dir='ltr'>apud</span> <span class='ocrx_word' id='word_1_174' title='bbox 1512 2184 1674 2225; x_wconf 86' lang='lat' dir='ltr'>Plutar-</span> 
     </span>
     <span class='ocr_line' id='line_1_27' title="bbox 305 2258 1675 2311; baseline -0.001 -11"><span class='ocrx_word' id='word_1_175' title='bbox 305 2260 439 2311; x_wconf 60' lang='lat' dir='ltr'>chum,</span> <span class='ocrx_word' id='word_1_176' title='bbox 472 2262 588 2304; x_wconf 85' lang='lat' dir='ltr'>cuius</span> <span class='ocrx_word' id='word_1_177' title='bbox 621 2263 757 2304; x_wconf 86' lang='lat' dir='ltr'>locum</span> <span class='ocrx_word' id='word_1_178' title='bbox 781 2261 967 2303; x_wconf 78' lang='lat' dir='ltr'>Tabulae</span> <span class='ocrx_word' id='word_1_179' title='bbox 999 2274 1032 2303; x_wconf 88' lang='lat' dir='ltr'>c.</span> <span class='ocrx_word' id='word_1_180' title='bbox 1062 2264 1157 2303; x_wconf 76' lang='lat'>314</span> <span class='ocrx_word' id='word_1_181' title='bbox 1189 2259 1445 2301; x_wconf 80' lang='lat' dir='ltr'>simillimum</span> <span class='ocrx_word' id='word_1_182' title='bbox 1477 2258 1675 2310; x_wconf 79' lang='lat' dir='ltr'>exscripsi</span> 
     </span>
     <span class='ocr_line' id='line_1_28' title="bbox 304 2339 442 2386; baseline 0.007 -11"><span class='ocrx_word' id='word_1_183' title='bbox 304 2347 342 2386; x_wconf 88' lang='lat' dir='ltr'>p.</span> <span class='ocrx_word' id='word_1_184' title='bbox 376 2339 442 2376; x_wconf 76' lang='lat'>48.</span> 
     </span>
    </p>
   </div>
   <div class='ocr_carea' id='block_1_9' title="bbox 305 2419 1676 2708">
    <p class='ocr_par' dir='ltr' id='par_1_9' title="bbox 305 2419 1675 2539">
     <span class='ocr_line' id='line_1_29' title="bbox 419 2419 1675 2475; baseline -0.002 -12"><span class='ocrx_word' id='word_1_185' title='bbox 419 2419 614 2475; x_wconf 77' lang='grc' dir='ltr'><em>θύριον</em></span> <span class='ocrx_word' id='word_1_186' title='bbox 658 2423 792 2475; x_wconf 89' lang='grc'>(10,1)</span> <span class='ocrx_word' id='word_1_187' title='bbox 847 2423 955 2475; x_wconf 83' lang='lat' dir='ltr'>apud</span> <span class='ocrx_word' id='word_1_188' title='bbox 1002 2420 1344 2473; x_wconf 82' lang='lat' dir='ltr'>Aristophanem,</span> <span class='ocrx_word' id='word_1_189' title='bbox 1392 2419 1675 2470; x_wconf 87' lang='lat' dir='ltr'>Plutarchum,</span> 
     </span>
     <span class='ocr_line' id='line_1_30' title="bbox 305 2497 783 2539; baseline 0.002 -3"><span class='ocrx_word' id='word_1_190' title='bbox 305 2497 530 2538; x_wconf 85' lang='lat' dir='ltr'>Lucianum</span> <span class='ocrx_word' id='word_1_191' title='bbox 564 2497 783 2539; x_wconf 75' lang='lat' dir='ltr'>invenitur.</span> 
     </span>
    </p>

    <p class='ocr_par' dir='ltr' id='par_1_10' title="bbox 305 2578 1676 2708">
     <span class='ocr_line' id='line_1_31' title="bbox 417 2578 1675 2635; baseline -0.004 -12"><span class='ocrx_word' id='word_1_192' title='bbox 417 2580 679 2634; x_wconf 78' lang='grc' dir='ltr'><em>καθάριος</em></span> <span class='ocrx_word' id='word_1_193' title='bbox 719 2583 874 2635; x_wconf 81' lang='lat'>(12‚2);</span> <span class='ocrx_word' id='word_1_194' title='bbox 921 2581 1166 2623; x_wconf 72' lang='lat' dir='ltr'>Aristoteles</span> <span class='ocrx_word' id='word_1_195' title='bbox 1198 2580 1513 2631; x_wconf 84' lang='lat' dir='ltr'>antiquissimus</span> <span class='ocrx_word' id='word_1_196' title='bbox 1554 2578 1675 2619; x_wconf 88' lang='lat' dir='ltr'>huius</span> 
     </span>
     <span class='ocr_line' id='line_1_32' title="bbox 305 2652 1676 2708; baseline -0.004 -10"><span class='ocrx_word' id='word_1_197' title='bbox 305 2656 493 2698; x_wconf 74' lang='lat' dir='ltr'>vocabuli</span> <span class='ocrx_word' id='word_1_198' title='bbox 537 2658 656 2699; x_wconf 85' lang='lat' dir='ltr'>testis</span> <span class='ocrx_word' id='word_1_199' title='bbox 701 2661 777 2699; x_wconf 82' lang='lat' dir='ltr'>est.</span> <span class='ocrx_word' id='word_1_200' title='bbox 859 2656 1050 2698; x_wconf 88' lang='lat' dir='ltr'>Occurrit</span> <span class='ocrx_word' id='word_1_201' title='bbox 1095 2658 1312 2708; x_wconf 85' lang='lat' dir='ltr'>praeterea</span> <span class='ocrx_word' id='word_1_202' title='bbox 1353 2654 1461 2707; x_wconf 90' lang='lat' dir='ltr'>apud</span> <span class='ocrx_word' id='word_1_203' title='bbox 1503 2652 1676 2695; x_wconf 82' lang='lat' dir='ltr'>Menan-</span> 
     </span>
    </p>
   </div>
   <div class='ocr_carea' id='block_1_10' title="bbox 1833 0 1888 3170">
    <p class='ocr_par' dir='ltr' id='par_1_11' title="bbox 1833 0 1888 3170">
     <span class='ocr_line' id='line_1_33' title="bbox 1833 0 1888 3170; baseline 0 0"><span class='ocrx_word' id='word_1_204' title='bbox 1833 0 1888 3170; x_wconf 95' lang='lat' dir='ltr'> </span> 
     </span>
    </p>
   </div>
  </div>
 </body>
</html>
