1888 3170
696 178 975 215 ...71—

152 294 283 332 torem
327 290 493 331 favisse.
559 289 676 340 Quod
721 289 830 330 enim
876 289 918 330 in
964 289 1093 331 animi
1138 286 1519 340 perturbationibus

151 365 328 417 primum
359 364 493 405 locum
524 366 639 404 tenet
670 357 855 414 ἀκρασία
887 361 967 415 (9,1
997 363 1129 414 prima
1159 365 1518 413 commemoratur,

156 442 246 490 14,1
289 439 397 487 so1a3
440 440 531 486 28‚1
577 440 618 477 et
659 439 754 487 32,3
796 430 982 489 ἀκρασία
1021 439 1062 477 et
1102 430 1374 489 ἡδυπάθεια,
1421 438 1517 486 28‚3

151 506 339 564 ἀκρασία
371 515 412 552 et
443 506 684 561 ασωτία)“),
727 510 864 552 nescio
903 523 954 550 an
996 510 1090 550 inde
1126 509 1411 561 explicandum
1449 510 1518 561 sit,

153 585 260 638 quod
303 585 430 626 Stoici
473 585 657 627 omnium
699 583 960 625 affectionum
1003 584 1158 625 fontem
1200 596 1288 626 esse
1326 583 1520 626 volebant

151 661 514 713 intemperantiam
553 659 652 710 (Cic.
694 660 813 700 Tusc.
846 659 904 700 IV
949 662 1074 710 9,22).
1138 659 1294 700 Deinde
1337 658 1416 699 duo
1448 670 1517 700 vo-

152 735 299 777 cabula
330 735 373 774 in
404 735 487 785 illo,
520 746 642 786 quem
668 745 792 786 supra
813 734 1034 786 composui,
1068 733 1202 775 indice
1224 733 1436 774 nominum
1467 732 1517 774 ad

151 820 286 850 mores
307 809 605 860 pertiuentimn
628 809 855 850 obveniunt
886 820 909 849 a
929 808 1104 850 Platone
1131 812 1173 849 et
1203 820 1227 848 a
1247 808 1520 860 Xenophonte

149 884 301 925 aliena:
335 885 603 937 φιλαργυρία
628 886 670 924 et
700 882 942 932 κενοδοξία.
995 883 1177 933 Quorum
1199 883 1313 934 prius
1344 881 1445 923 illud
1477 881 1518 922 in

151 958 314 999 Stoicae
344 957 507 999 scholae
540 957 795 1010 supellectile
827 956 956 998 fuisse
986 961 1029 997 et
1059 968 1083 997 a
1115 955 1343 1008 Chrysippo
1375 954 1518 996 defini-

151 1032 303 1073 tionem
344 1032 380 1073 ei
421 1032 630 1074 admotam
675 1043 763 1073 esse
810 1031 928 1072 testis
966 1035 1030 1072 est
1082 1030 1287 1082 Diogenes
1330 1030 1519 1071 Laertius

151 1107 231 1148 V11
266 1110 359 1148 111.
420 1106 496 1147 Sed
536 1107 579 1146 in
618 1106 737 1146 huius
770 1105 958 1147 vocabuli
1000 1117 1097 1156 usu,
1138 1118 1229 1145 cum
1273 1104 1519 1146 adiectivum

151 1181 257 1233 quod
289 1184 353 1222 est
384 1177 652 1233 φιλάργυρος
683 1184 723 1221 et
753 1180 861 1231 apud
883 1180 1199 1231 Xenophontem
1231 1184 1272 1220 et
1295 1178 1404 1230 apud
1425 1179 1518 1219 Pla-

150 1260 288 1298 tonem
310 1259 500 1297 occurrat
520 1266 699 1306 casuque
720 1254 806 1294 fieri
830 1253 973 1306 possit,
1006 1257 1052 1294 ut
1073 1253 1381 1294 substantivum
1412 1252 1520 1304 apud

149 1334 341 1371 neutrum
373 1329 621 1380 inveniatur,
652 1329 788 1369 minus
819 1328 929 1369 nitar
951 1339 1072 1379 quam
1103 1327 1145 1367 in
1177 1327 1246 1368 illo
1277 1325 1520 1379 κενοδοξία,

151 1405 258 1456 quod
281 1417 371 1445 cum
392 1404 473 1444 nisi
495 1404 603 1455 apud
624 1403 840 1455 Polybium
863 1406 904 1442 et
925 1402 1189 1443 Plutarchum
1212 1413 1293 1442 non
1315 1401 1521 1453 obveniat,

151 1479 390 1520 recentioris
421 1479 544 1520 huius
566 1477 695 1518 libelli
717 1477 890 1528 originis
912 1476 1282 1517 luculentissimum
1306 1480 1369 1517 est
1399 1476 1521 1518 docu-

149 1558 346 1594 mentum.

267 1627 384 1678 Quod
422 1638 584 1667 maeror
622 1629 717 1676 232
751 1625 791 1665 in
832 1625 942 1666 vitiis
975 1629 1216 1667 numeratur
1248 1620 1346 1678 (τὴν
1376 1621 1521 1676 λύπην

150 1700 221 1742 καὶ
243 1697 322 1743 τὸν
344 1696 544 1754 ὀδυρμὸν
566 1699 638 1741 καὶ
660 1695 740 1754 τὴν
761 1694 1093 1753 ὑπερηφάνειαν
1111 1732 1120 1741 .
1142 1734 1147 1739 .
1172 1698 1241 1740 καὶ
1263 1695 1343 1754 τὴν
1364 1694 1522 1752 λοιπὴν

150 1772 324 1817 ἅπασαν
354 1777 551 1827 κακίαν),
594 1775 722 1816 Stoici
766 1786 907 1816 omnes
944 1773 1113 1816 affectus
1154 1774 1324 1816 vitiosos
1355 1778 1523 1826 putasse

150 1849 279 1891 tradit
319 1848 564 1891 Plutarchus
607 1849 700 1890 virt,
742 1861 843 1889 mor.
881 1852 930 1889 10
972 1861 1009 1900 p.
1044 1852 1143 1889 449:
1190 1850 1278 1889 πᾶν
1322 1845 1401 1899 μὲν
1438 1843 1521 1901 γὰρ

150 1921 292 1973 πάθος
323 1918 511 1976 ἁμαρτία
541 1918 629 1964 κατ’
664 1917 826 1971 αὐτούς
857 1921 1034 1974 ἑστιν.2)

265 1999 374 2050 Jam,
408 2010 512 2050 quae
544 1997 593 2038 de
624 1998 837 2049 voluptate
869 2001 910 2038 et
941 1997 989 2038 de
1021 1997 1246 2049 cupiditate
1271 1996 1436 2039 Cebetis
1468 1997 1524 2039 sit

152 2074 372 2125 sententia,
395 2073 619 2115 videamus.
673 2070 808 2125 Atque
831 2076 897 2123 6‚2
925 2072 1168 2124 Voluptates
1190 2084 1280 2113 cum
1304 2072 1520 2125 Opinioni-

266 2210 294 2249 1)
322 2210 352 2244 E
377 2210 622 2253 Xenophontis
646 2209 785 2251 scriptis
804 2207 1012 2242 vocabulum
1038 2207 1131 2251 quod
1161 2212 1212 2241 est
1230 2201 1389 2251 ἀκρασία
1416 2208 1520 2252 plane

151 2267 345 2302 eiciendum
370 2277 445 2301 esse
469 2267 605 2301 censuit
621 2265 825 2300 Dindorfius
842 2265 877 2298 iu
896 2264 977 2299 edit.
997 2265 1083 2298 Xen.
1103 2274 1223 2298 comm.
1243 2264 1373 2299 maiore
1390 2275 1426 2308 p.
1440 2265 1521 2300 XII.

152 2325 206 2360 Ad
232 2326 414 2359 Platonem
440 2324 534 2368 quod
558 2325 694 2368 attinet,
721 2324 800 2357 libri
827 2333 908 2357 mss.
934 2334 1003 2357 non
1029 2323 1260 2357 consentiunt.

268 2393 294 2437 2)
320 2393 365 2428 cf.
390 2393 491 2437 Diog.
518 2393 634 2428 Laert.
661 2393 729 2427 VII
767 2392 848 2426 118:
894 2385 984 2425 οὐδὲ
1019 2386 1092 2434 μὴν
1130 2386 1420 2434 λυπηθήσεσθαι
1457 2387 1523 2424 τὸν

153 2448 283 2495 σοφόν.
336 2451 404 2486 Cic.
429 2451 532 2485 Tusc.
558 2451 609 2485 IV
635 2452 727 2493 7,14:
767 2460 868 2493 quam
902 2448 1090 2483 vitiosae
1125 2447 1193 2482 sint
1226 2448 1522 2491 perturbationes.

152 2508 333 2544 Vocabula
359 2518 449 2552 quae
473 2514 554 2543 sunt
578 2508 690 2542 λῦπαι
716 2512 748 2541 et
773 2501 909 2540 ὀδύναι
934 2506 1025 2549 quod
1051 2505 1229 2549 coniungit
1254 2505 1374 2548 Cebes,
1399 2515 1522 2540 moneo

152 2567 288 2602 Stoicos
313 2560 456 2609 ὀδύνην
480 2576 588 2609 genus
614 2562 733 2609 λύπης
757 2576 830 2600 esse
855 2565 1022 2605 voluisse3
1062 2563 1165 2606 Diog.
1201 2563 1317 2598 Laert.
1352 2564 1418 2597 VII
1447 2565 1522 2597 111.

153 2624 372 2667 Quamquam
396 2632 440 2656 ne
465 2623 603 2656 Platoni
628 2623 764 2666 quidem
792 2622 878 2656 haec
902 2621 1100 2655 coniunctio
1125 2620 1239 2655 aliena
1255 2625 1318 2655 est.
1361 2620 1412 2655 Cf.
1431 2620 1523 2656 Phil.

153 2680 242 2728 42d:
267 2680 381 2713 λῦπαι
406 2678 470 2712 καὶ
494 2673 701 2723 ἀλγηδόνες
725 2677 787 2712 καὶ
815 2673 960 2711 ὀδύναι.
