1888 3170
690 221 1001 259 -127-

275 333 586 383 τραπεζίτης
607 331 742 382 (31,3)
768 335 901 373 exstat
924 332 1031 384 apud
1053 331 1388 383 Demosthenem,
1418 331 1534 372 Tele-

161 408 257 455 tem,
291 405 524 457 Polybium,
557 405 837 456 Plutarchum,
870 406 1157 458 Lucianum.¹)

276 482 567 531 φιλοτίμως
599 478 748 531 (19,2).
794 479 1048 521 Vocabulum
1088 493 1138 520 nc
1170 480 1222 521 ab
1255 481 1411 532 optima
1442 481 1533 533 qui-

160 551 253 592 dem
285 552 525 594 Graecitate
566 553 766 602 alienum,
811 553 881 593 sed
921 554 1026 594 alias
1070 566 1292 606 nusquam,
1331 558 1532 605 quantum

160 626 291 677 video,
324 627 385 667 ita
406 627 651 676 adhibitum,
684 630 732 667 ut
757 627 849 678 quis
872 630 1110 680 φιλοτίμως
1140 628 1180 668 id
1204 628 1340 669 facere
1362 628 1535 679 dicatur,

161 701 268 752 quod
300 702 456 742 invitus
488 700 588 742 facit
619 724 672 728 —
706 705 751 741 ut
782 701 847 742 hic
878 704 1117 755 φιλοτίμως
1148 699 1327 754 κάμνων
1418 736 1425 743 .
1474 702 1535 742 Ne

161 776 268 826 apud
310 775 527 827 Polybium
567 775 750 827 quidem,
793 787 913 826 quem
961 776 1188 817 Drosihnus
1228 777 1305 817 hoc
1342 776 1536 817 adverbio

161 849 219 888 sic
251 849 350 889 dicit
381 861 500 889 usum
534 860 645 900 esse,
684 853 730 889 ut
770 849 1022 900 significaret
1058 851 1390 901 „vehelnente1·“,
1423 851 1537 891 notio

161 922 302 972 studii,
334 934 414 973 quo
446 923 499 972 id,
532 935 612 974 quo
636 923 753 973 facis,
787 925 1068 975 amplecteris,
1102 925 1285 965 evanuit.
1348 925 1395 965 Id
1427 927 1538 965 certe

164 996 260 1036 licet
290 1000 486 1047 statuere,
520 997 629 1038 hunc
650 1009 769 1038 usum
794 997 1020 1038 hebetioris
1052 999 1133 1038 iam
1165 998 1266 1039 facti
1299 1010 1443 1040 sensus
1474 1009 1538 1037 re-

163 1071 441 1122 centiorisque
462 1072 613 1112 aetatis
635 1071 832 1112 indicium
865 1083 969 1122 esse,
1002 1084 1083 1124 qua
1116 1077 1311 1124 tanquam
1345 1073 1464 1124 signa
1495 1072 1537 1112 in

163 1146 342 1186 nummis
386 1147 593 1198 insculpta
636 1147 829 1198 propriae
874 1147 1166 1187 vocabulorum
1215 1147 1539 1198 significationes

164 1224 333 1271 coeptae
364 1224 484 1260 erant
515 1220 740 1261 obliterari.

278 1293 600 1343 ψευδοδοξία
633 1295 803 1346 (11,2)a
824 1294 1042 1345 Strabone,
1066 1295 1286 1336 Plutarcho
1309 1295 1541 1335 adhibitum

165 1374 239 1410 est.
316 1369 455 1410 Verba
500 1367 776 1418 ψευδοδοξέω
824 1373 865 1410 et
907 1366 1213 1419 ψευδοδοξάζω
1260 1370 1383 1411 etiam
1431 1368 1538 1420 apud

165 1443 384 1496 Polybium
416 1448 650 1484 occurrunt.
713 1445 777 1484 Ex
808 1444 982 1484 Platone
1014 1443 1186 1486 affertur
1217 1457 1241 1485 a
1273 1444 1451 1485 Polluce.

282 1518 670 1567 ψευδοπαιδεία
701 1519 813 1569 (11,1
836 1518 1021 1571 saepius)
1044 1523 1141 1560 ante
1162 1520 1333 1560 Luciani
1356 1521 1538 1559 aetatem

166 1604 247 1633 non
280 1593 502 1633 invenitur.

282 1657 401 1718 (ὦδε
432 1679 456 1706 a
486 1666 659 1707 Platone
695 1678 858 1718 quoque
896 1667 945 1707 de
983 1667 1071 1707 loco
1105 1670 1168 1706 est
1199 1666 1450 1716 adhibitum,
1491 1665 1541 1706 cf.

167 1740 335 1792 Protag.
379 1741 513 1792 32Sd;
554 1740 755 1781 accedunt
795 1741 966 1781 Homeri
1013 1746 1055 1781 et
1101 1740 1312 1792 Sophoclis
1355 1741 1543 1792 exempla

167 1814 278 1855 haud
309 1813 481 1867 rara.)2)

285 1883 499 1933 (ὡσανεί
518 1887 654 1940 [33,3]
677 1889 729 1929 ab
752 1888 1057 1940 antiquioribus
1079 1889 1259 1930 alienum
1282 1902 1364 1931 non
1388 1892 1451 1929 est
1473 1887 1541 1940 (cf.

169 1964 356 2015 exempla
387 1964 439 2004 ab
464 1961 705 2004 Heindorfio
728 1962 835 2003 Plat.
859 1966 888 2004 t.
912 1963 954 2003 Π
976 1975 1013 2015 p.
1044 1966 1121 2003 107
1144 1964 1374 2015 congesta),
1398 1963 1470 2005 sed
1491 1962 1543 2002 ab

169 2038 253 2079 illis
285 2038 432 2088 rarius,
465 2050 489 2077 a
518 2037 818 2090 posterioribus
852 2037 1093 2088 saepissime
1125 2042 1189 2078 est
1220 2035 1491 2089 adhibitum.)

287 2112 366 2152 His
397 2123 529 2164 pauca
560 2111 682 2163 addo,
714 2122 819 2162 quae
851 2111 1100 2151 Drosihnum
1135 2110 1343 2162 fugerunt.

286 2187 552 2227 νοσοποιῶ
587 2185 720 2238 (19,2)
744 2186 795 2226 ab
818 2185 1123 2236 antiquioribus
1145 2185 1326 2226 alienum
1357 2189 1437 2234 est3
1478 2197 1545 2226 oc-

175 2261 303 2301 currit
334 2261 444 2312 apud
476 2261 758 2310 Aristotelem,
791 2260 1030 2310 Diodorum,
1063 2259 1343 2300 Plutarchum.

289 2337 488 2386 νίκημα
511 2334 646 2387 (24,1)
664 2334 773 2386 apud
790 2333 1021 2385 Polybium,
1040 2334 1280 2384 Diodorum,
1301 2334 1546 2386 Dionysium

174 2410 599 2460 Halicarnassensem,
633 2408 897 2449 Plutarchum
931 2408 1152 2449 invenitur.

288 2478 346 2524 τὸ
378 2485 480 2532 πῶς
516 2483 703 2535 τέμνειν.
738 2486 830 2534 38,1
882 2481 1141 2524 VBRDW
1170 2482 1371 2535 praebent
1402 2478 1546 2535 ὥσπερ

292 2596 318 2639 ¹)
345 2596 531 2640 Inscriptio
546 2597 652 2630 Isoer.
668 2596 834 2630 orationis
857 2591 1120 2638 Τραπεζιτικός
1132 2595 1337 2630 recentioris
1347 2595 1472 2628 aetatis
1483 2599 1546 2628 est.

290 2652 317 2696 2)
345 2653 396 2686 Cf.
423 2653 582 2696 exempla
607 2654 642 2687 in
672 2652 790 2695 Steph.
818 2652 902 2685 thes.
930 2656 1095 2694 congesta
1126 2657 1162 2685 et
1188 2650 1368 2684 Kuehneri
1401 2661 1546 2692 gramm.

173 2721 287 2753 graec.
314 2710 348 2743 II
373 2709 393 2754 ξ
418 2711 481 2743 571
509 2709 585 2743 adn.
612 2711 642 2743 3.
