1888 3170
698 220 738 224 -
816 201 891 238 107
960 223 1002 225 ψ

280 313 385 355 4Ο,1
428 313 567 351 exstat
597 306 878 362 αἰσχρότατα,
916 322 996 361 quo
1035 310 1288 362 superlativo
1328 321 1407 350 non
1450 313 1538 350 ute—

168 384 322 424 bantur
343 384 423 424 nisi
445 383 686 425 recentioris
710 385 859 425 aetatis
883 385 1115 436 scriptores.
1132 386 1162 435 ¹)
1211 383 1424 435 Optimum
1448 382 1535 423 cod.

180 457 219 497 V
242 457 467 498 Muellerus
498 470 535 508 p.
572 462 622 498 55
656 457 775 497 docet
807 458 907 498 haec
937 458 1157 509 praebere:
1190 452 1242 498 τὰ
1274 452 1538 508 ἀσεβέστατα

167 529 238 571 καὶ
269 526 321 572 τὰ
353 528 614 584 αἰσχρότατα
645 527 757 572 εἶναι
790 533 1022 584 δοκοῦντα,
1054 545 1177 585 quam
1210 532 1458 584 scripturam
1491 542 1538 570 eo

168 606 302 647 minus
335 606 616 646 dubitabimus
655 607 856 658 recipere,
898 619 986 647 cum
1027 606 1060 646 C
1095 607 1198 648 haec
1234 605 1446 647 exhibeat:
1487 598 1538 644 τὰ

168 675 432 734 ἀσεβέστατα
454 677 526 720 καὶ
546 675 598 720 τὰ
622 680 841 721 δοκοῦντα
863 678 988 732 εἶναι,
1022 681 1090 722 ubi
1112 686 1207 734 post
1238 681 1414 721 alterum
1437 678 1539 718 illud

168 749 219 794 τὰ
251 759 426 806 apparet
451 755 696 796 vocabulum
730 756 945 797 excidisse.
997 757 1145 808 Itaque
1177 767 1368 806 perverse
1401 754 1539 794 Jerra-

170 830 296 869 mium
339 829 487 870 fecisse
531 829 741 879 existimm
793 830 901 882 quod
946 830 1017 870 illa
1060 828 1131 870 καὶ
1177 824 1228 870 τὰ
1280 824 1541 882 αἰσχρότατα

170 899 282 943 εἶναι
319 901 514 954 delevit2)
553 902 616 943 his
660 903 886 945 defendens
926 905 1228 945 coniecturam:
1276 903 1362 944 The
1411 899 1542 943 words

169 971 220 1017 τὰ
253 973 515 1029 αἰσχρότατα
548 976 620 1029 (an
654 979 829 1018 unusual
862 978 967 1019 form
1002 977 1045 1019 of
1074 978 1146 1018 the
1178 975 1449 1030 superlative)
1472 987 1542 1016 are

170 1050 343 1091 omitted
386 1051 425 1091 in
465 1057 510 1092 at
547 1053 654 1092 least
692 1065 769 1093 one.
809 1051 894 1093 MS.
926 1052 995 1093 Dr.
1025 1052 1176 1093 Mulier
1217 1053 1375 1093 retains
1414 1051 1539 1092 them.

171 1125 287 1174 Quod
331 1125 439 1165 enim
478 1125 612 1166 forma
650 1122 913 1179 αἰσχρότατα
951 1127 1085 1167 minus
1125 1130 1189 1167 est
1226 1126 1384 1166 usitata
1415 1147 1469 1151 „-
1501 1124 1543 1163 id

171 1199 277 1250 quod
316 1200 520 1251 imprimis
551 1200 758 1241 Jerranno
796 1201 958 1241 videtur
997 1200 1270 1252 suspicionem
1311 1200 1457 1240 fecisse
1490 1219 1542 1225 —

172 1273 210 1314 id
244 1274 283 1314 in
322 1274 399 1314 hoc
438 1274 543 1315 libro
582 1287 700 1316 nenio
738 1287 819 1316 non
856 1275 969 1316 videt
1006 1287 1054 1316 eo
1092 1275 1229 1316 valere
1266 1286 1347 1315 non
1379 1272 1543 1322 debere,

171 1352 217 1389 ut
249 1348 350 1389 haec
382 1349 583 1390 vocabula
615 1350 825 1391 eiciamus.

290 1427 325 1474 7,
346 1427 367 1463 2
408 1424 510 1465 haee
556 1424 752 1466 exhibent
789 1424 903 1465 libri:
950 1419 1047 1476 παρ’
1081 1414 1144 1465 ὦν
1177 1423 1256 1477 μὲν
1288 1417 1465 1475 ἁρπάζει
1493 1415 1544 1461 τὰ

174 1493 427 1550 ὑπάρχοντα
448 1496 519 1538 καὶ
543 1496 704 1551 ἑτέροις
726 1499 896 1550 δίδωσι,
919 1493 1035 1550 παρὰ
1068 1495 1115 1539 δὲ
1136 1499 1224 1539 τῶν
1247 1492 1394 1538 αὐτῶν
1414 1493 1546 1538 πάλιν

173 1566 422 1625 ἀφαιρεῖται
453 1567 481 1613 ἑὲ
513 1571 673 1613 δέδωκε
705 1571 776 1613 καὶ
808 1569 955 1621 ἄλλοις
987 1572 1184 1613 δίδωσιν.
1244 1572 1357 1613 Haec
1379 1571 1545 1612 articuli

174 1646 307 1687 forma
329 1660 420 1687 cum
453 1645 532 1699 μὲν
555 1651 596 1689 et
629 1645 676 1688 δὲ
698 1648 918 1688 coniuncta
946 1659 1027 1688 non
1050 1646 1239 1688 adhibita
1263 1650 1326 1688 est
1348 1650 1445 1687 ante
1468 1646 1547 1686 De-

174 1721 402 1762 mosthenis
427 1725 609 1762 aetatem
637 1722 932 1774 rarissimoque
955 1722 1166 1763 invenitur
1194 1721 1303 1772 apud
1327 1718 1546 1771 Atticos.³)

176 1795 392 1836 Menandri
431 1797 663 1848 exemplum
705 1796 756 1836 ad
798 1795 921 1837 huius
961 1795 1040 1837 loci
1072 1796 1322 1837 sententiam
1361 1795 1548 1847 proxime

176 1869 376 1910 accedens
408 1870 629 1921 exscripsit
660 1869 965 1922 Kruegerus‘*):
1008 1864 1072 1918 οἷς
1113 1867 1193 1922 μὲν
1237 1870 1442 1920 δίδωσιν,
1486 1863 1550 1917 οἷς

175 1938 467 1996 δ’ἄφαιρεϊται
497 1941 613 1992 θεός.

291 2018 351 2059 De
382 2019 508 2060 verbo
540 2019 574 2059 si
606 2019 861 2071 quaerimus,
895 2017 1027 2058 forma
1062 2012 1320 2070 ἠδυνάμεθα
1348 2018 1452 2069 (1,1)
1486 2029 1548 2058 re-

177 2092 429 2134 centioribus
468 2094 729 2144 potissimum
763 2093 916 2133 Atticis
956 2093 997 2132 in
1030 2104 1106 2133 usu
1145 2097 1256 2143 erat,
1299 2103 1550 2144 quamquam

177 2178 227 2206 ne
258 2166 419 2218 priores
451 2168 615 2219 quidem
638 2167 691 2208 ab
713 2179 758 2208 ea
783 2166 1074 2208 abhorrebant.
1125 2165 1337 2207 Gravioris
1358 2165 1551 2218 ponderis

177 2253 266 2282 esse
303 2242 495 2283 existimo
533 2242 641 2295 quod
679 2241 742 2283 bis
782 2246 819 2282 3.
854 2254 890 2294 p.
924 2242 977 2293 pl.
1011 2241 1091 2282 ind.
1132 2241 1247 2282 verbi
1285 2238 1449 2281 εἰδέναι
1488 2243 1552 2281 est

299 2402 325 2443 1)
351 2401 394 2440 cf,
419 2402 596 2436 Kuehner.
622 2412 765 2445 gramm.
793 2410 906 2444 graec.
934 2400 950 2433 I
975 2411 1008 2444 p.
1035 2402 1113 2443 429,
1138 2411 1170 2434 n.
1198 2402 1227 2433 2.

295 2459 321 2502 ²)
350 2459 454 2503 Apud
487 2459 723 2499 Drosilmum,
759 2458 817 2501 qui
844 2457 917 2491 coil.
954 2457 979 2491 C
1004 2462 1146 2491 secutus
1176 2457 1244 2499 sit,
1269 2466 1311 2490 ne
1336 2457 1450 2500 ipsum
1478 2457 1553 2499 qui-

180 2517 256 2550 dem
283 2517 370 2550 haec
395 2527 470 2550 voc.
494 2516 558 2550 καὶ
583 2512 627 2550 τὰ
655 2512 878 2559 αἰσχρότατα
904 2520 1054 2550 exstant.

298 2571 327 2614 ⁸)
354 2572 396 2607 cf.
423 2573 600 2607 Kuehner.
628 2583 771 2615 gramm.
799 2583 850 2615 gr.
877 2573 910 2606 ΙΙ
936 2583 971 2615 p.
998 2574 1076 2606 780.
1126 2571 1228 2615 Apud
1260 2572 1472 2615 posteriores
1498 2571 1554 2606 hic

183 2641 265 2665 usus
291 2630 400 2672 magis
424 2629 604 2674 magisque
629 2629 830 2665 increbruit.

297 2687 324 2730 ⁴)
350 2686 510 2730 Sprachl.
537 2687 590 2729 50,
618 2688 650 2730 1,
675 2687 704 2721 5.
