1888 3170
964 217 1216 254 -2-

405 333 629 382 ceptorum.
703 328 816 369 Idem
866 327 1064 368 iudicium
1106 327 1343 369 faciendum
1389 331 1453 369 est
1497 328 1547 369 de
1587 328 1773 381 Klopferi

405 401 818 452 dissertationibusv,
852 403 920 454 qui
953 414 1002 442 ea
1033 406 1172 442 tamen
1203 414 1247 442 re
1278 402 1331 443 ab
1362 401 1444 442 illis
1467 403 1632 453 recedit,
1664 403 1774 455 quod

405 478 591 518 diversas
623 487 764 516 eorum
797 475 1027 515 sententias
1058 475 1118 516 ita
1149 475 1258 516 inter
1290 487 1333 515 se
1364 475 1507 516 studet
1537 477 1773 527 conciliare,

404 556 449 592 ut
486 550 687 590 Tabulam
729 561 753 588 a
794 548 977 589 Socratis
1017 549 1088 589 illo
1129 549 1331 600 discipulo
1373 549 1660 600 compositam,
1705 550 1774 591 sed

403 628 547 675 postea
590 627 861 663 retractatam
903 623 1112 675 variisque
1153 623 1545 675 interpolationibus
1584 624 1775 665 vitiatam

404 711 495 739 esse
537 701 715 738 censeat.
777 695 856 745 Qui
897 697 1045 737 deinde
1084 697 1125 737 in
1163 697 1241 738 hac
1281 697 1570 749 disquisitione
1605 710 1775 750 operam

404 772 641 820 collocavit,
685 768 975 820 Schaberus2),
1021 783 1071 811 ne
1111 771 1199 821 ipse
1238 771 1404 822 quidem
1445 784 1550 812 nova
1587 771 1779 812 adhibuit

404 846 587 887 subsidia
618 846 818 897 uniceque
850 845 892 885 in
922 845 1166 897 philosopho
1198 849 1445 898 argumento
1477 851 1668 887 versatus
1701 849 1776 886 est.

406 920 575 960 Maximi
621 931 718 960 vero
762 932 1006 971 progressus
1048 925 1193 961 auctor
1240 926 1327 961 erat
1373 921 1660 970 Drosihnusss),
1708 920 1777 971 qui

404 994 560 1045 primus
597 993 788 1034 omnibus
829 1005 878 1034 ex
917 993 1108 1045 partibus
1152 994 1259 1035 hanc
1301 995 1519 1035 materiam
1562 993 1778 1046 explorare

404 1068 599 1109 instituit.
663 1069 797 1119 Atque
835 1068 1014 1119 primum
1046 1068 1276 1109 Drosihnus
1315 1072 1501 1109 veterum
1544 1069 1593 1109 de
1626 1067 1779 1109 Cebete

405 1143 574 1194 eiusque
605 1154 727 1193 opere
758 1143 1018 1193 testimonia,
1062 1143 1112 1183 de
1147 1143 1296 1194 quibus
1327 1143 1388 1183 illi
1425 1143 1579 1195 partim
1611 1143 1778 1183 omnino

404 1229 487 1258 non
520 1220 781 1266 curaverunt,
813 1217 965 1268 partim
993 1216 1127 1257 obiter
1148 1229 1282 1268 neque
1304 1217 1406 1258 satis
1428 1221 1623 1257 accurate
1652 1222 1779 1268 quae-

406 1291 604 1341 siverant,
628 1291 851 1342 congessit,
874 1291 1007 1342 iisque
1028 1292 1148 1331 nixus
1170 1295 1402 1343 temporum
1425 1292 1622 1342 rationes,
1644 1291 1780 1344 quoad

406 1366 492 1406 eius
523 1365 615 1407 fieri
638 1369 815 1417 poterat,
849 1365 1115 1406 examinavit.
1167 1365 1258 1406 Hae
1279 1366 1387 1406 enim
1409 1365 1524 1417 prius
1546 1366 1599 1406 ad
1621 1369 1777 1406 certum

406 1440 660 1492 redigendae
679 1444 788 1490 sunt,
812 1452 937 1492 quam
959 1452 1007 1480 ex
1029 1440 1080 1480 iis
1104 1439 1204 1481 locis
1227 1440 1426 1490 Tabulae,
1459 1441 1608 1491 quibus
1632 1439 1779 1481 Wolfio

407 1514 586 1565 suspicio
634 1518 728 1554 orta
772 1518 882 1564 erat,
921 1514 1144 1566 quidquam
1190 1515 1312 1555 liceat
1358 1514 1561 1564 colligere.
1623 1514 1780 1555 Deinde

406 1591 627 1639 postquam
677 1587 727 1628 de
770 1587 1056 1639 philosophiae
1098 1587 1336 1638 sententiis,
1383 1599 1488 1638 quae
1535 1587 1576 1629 in
1620 1588 1781 1629 Tabula

406 1663 651 1714 produntur,
684 1663 886 1713 exposuit,
919 1674 1069 1703 novum
1102 1662 1245 1702 attulit
1277 1662 1443 1703 criticae
1483 1675 1634 1714 operae
1665 1663 1781 1704 adiu-

406 1739 602 1776 mentum.
660 1736 720 1776 De
752 1736 975 1788 allegoriae
1007 1737 1115 1777 enim
1148 1736 1256 1788 apud
1288 1740 1449 1778 veteres
1474 1749 1553 1778 usu
1584 1738 1782 1779 disseruit

407 1810 685 1861 exemplisque
707 1811 916 1852 nonnullis
948 1824 998 1852 ex
1020 1811 1112 1852 aliis
1135 1810 1375 1852 auctoribus
1397 1812 1584 1862 prolatis,
1616 1812 1780 1863 quando

405 1884 508 1925 talia
550 1885 729 1926 maxime
772 1886 812 1925 in
854 1886 1194 1927 consuetudinem
1238 1885 1453 1927 venissent
1495 1886 1780 1938 scriptoribus,

407 1959 686 2009 quaerendum
739 1971 829 2001 esse
881 1961 1053 2001 monuit.
1134 1959 1306 2001 Accedit
1361 1961 1534 2001 tertium
1585 1960 1781 2002 Drosihni

408 2033 603 2072 meritum
636 2037 762 2085 atque
793 2034 833 2074 id
866 2034 1033 2075 minime
1065 2034 1428 2075 contemnendum:
1474 2034 1512 2075 id
1560 2035 1667 2074 enim
1701 2034 1780 2074 dis-

408 2107 583 2157 crimen,
625 2108 734 2160 quod
772 2109 814 2148 in
846 2109 1066 2149 verborum
1098 2109 1354 2161 supellectile
1392 2112 1455 2148 est
1487 2108 1595 2148 inter
1635 2108 1781 2160 optimi

408 2183 612 2222 sermonis
645 2182 775 2224 Attici
802 2183 1026 2235 scriptores
1057 2187 1099 2224 et
1130 2182 1316 2223 Tabulae
1339 2187 1550 2223 auctorem
1582 2183 1782 2234 pervesti-

408 2255 590 2305 gandum
624 2257 703 2298 sibi
734 2258 950 2309 proposuit
982 2281 1035 2285 —
1067 2269 1192 2310 quam
1223 2268 1309 2296 rem
1349 2256 1507 2307 priores
1550 2257 1611 2297 vel
1658 2256 1782 2306 plane

408 2330 680 2381 neglexerant
713 2331 777 2372 vel
809 2332 942 2373 obiter
971 2331 1308 2383 perstrinxerant
1342 2353 1389 2357 ψ
1419 2342 1551 2382 eaque
1581 2329 1780 2371 vocabula

408 2403 588 2455 collegit,
619 2416 725 2456 quae
756 2406 894 2446 aliena
925 2409 1023 2447 sunt
1054 2406 1105 2446 ab
1137 2405 1303 2445 illorum
1335 2404 1514 2455 scriptis.

524 2478 620 2520 Post
653 2479 903 2521 Drosihnum
937 2492 1056 2521 nemo
1094 2479 1189 2520 huic
1225 2478 1517 2530 disceptationi
1553 2477 1783 2530 impertivit

529 2578 562 2623 ¹]
589 2580 642 2614 De
670 2580 810 2614 Cebetis
838 2580 924 2615 Tab.
950 2580 1125 2615 dissertat.
1151 2579 1217 2621 ΙΙΙ,
1243 2579 1401 2613 Zviccav.
1429 2579 1662 2612 wls—1822.

523 2637 556 2681 ²)
584 2638 655 2672 Das
680 2638 848 2672 Gemalde
873 2638 930 2673 (les
956 2638 1081 2681 Kebes,
1108 2638 1282 2672 Constanz
1310 2637 1407 2670 1862.

526 2693 556 2735 ³)
589 2695 652 2727 Die
678 2695 756 2728 Zeit
783 2695 844 2728 des
871 2696 992 2737 Πίναξ
1020 2693 1199 2739 Κέβητος,
1225 2693 1446 2728 Neu-Stettin
1474 2694 1571 2726 1873.
