1888 3170
923 215 976 222 ,ὁ-
1039 201 1092 236 34
1153 217 1203 224 -ς

378 321 527 361 moque
557 315 652 361 post
683 309 777 351 Chr.
810 322 849 349 n.
884 310 1049 351 saeculo
1081 315 1225 352 censet
1244 310 1443 352 Pinacem
1469 312 1747 364 conscriptum

380 395 483 425 esse.
547 382 730 432 Quorum
761 383 846 422 utri
878 383 1286 435 assentiendum‘sit,
1319 384 1429 426 infra
1459 385 1702 427 videbimus.

494 456 609 496 Haec
640 459 748 506 sunt,
781 467 887 507 quae
918 468 969 496 ex
998 456 1259 509 philosophia
1290 458 1475 499 Tabulae
1507 459 1557 500 de
1580 463 1748 500 auctore

382 529 487 570 effici
518 529 597 569 viri
640 529 750 570 docti
791 533 1040 571 statuerunt.
1101 530 1192 580 Qua
1230 532 1271 572 iu
1304 544 1348 572 re
1380 532 1521 582 miror,
1566 533 1674 583 quod
1704 533 1746 573 in

378 604 519 655 paucis
566 603 814 653 quibusdam
858 604 957 644 locis
1001 603 1135 645 adhuc
1187 604 1238 644 lis
1281 609 1447 646 versata
1489 611 1572 656 est,
1614 610 1747 647 totum

376 677 561 717 libellum
593 677 846 727 perlustrare
884 688 1108 728 omnesque
1148 678 1386 718 examinare
1417 679 1648 720 sententias
1678 692 1748 720 ne-

378 751 543 792 modum
575 751 771 792 instituit.
822 750 889 790 Ita
919 749 1076 790 factum
1100 755 1176 801 est,
1207 756 1252 791 ut
1281 751 1356 792 loci
1380 752 1563 803 quidam,
1595 753 1665 804 qui
1696 753 1749 793 ad

374 825 482 866 hanc
524 825 810 876 quaestionem
841 824 1062 875 plurimum
1095 824 1276 866 afferunt
1318 826 1541 876 momenti,
1580 839 1604 867 a
1635 827 1747 868 nullo

375 905 659 950 tangerentur,
693 910 785 939 cum
807 898 891 947 alii,
923 898 1071 948 quibus
1101 898 1206 938 nihil
1238 903 1311 940 aut
1343 912 1426 940 non
1457 899 1631 940 multum
1655 912 1748 952 pro-

377 971 526 1023 ficitur,
549 972 701 1013 iterum
719 976 845 1024 atque
868 973 1018 1013 iterum
1036 976 1404 1023 pertractarentur.
1453 973 1575 1014 Unde
1596 985 1748 1025 magna

375 1047 467 1097 illa,
510 1046 561 1087 ‹le
591 1059 672 1099 qua
709 1059 834 1098 supra
881 1047 1167 1098 exposuimus,
1205 1047 1388 1087 virorum
1420 1047 1633 1088 doctorum
1666 1047 1749 1088 (113-

375 1122 513 1162 sensio
536 1125 628 1161 orta
651 1124 727 1161 est.
783 1118 885 1160 Cum
914 1120 1021 1160 enim
1048 1120 1125 1160 hoc
1148 1121 1210 1160 vel
1242 1120 1312 1161 illo
1334 1120 1423 1161 loco
1447 1125 1585 1161 certae
1612 1121 1748 1162 cuius·

376 1195 469 1236 dam
500 1194 839 1246 philosophorum
880 1194 1045 1235 scholae
1076 1194 1253 1245 vestigia
1290 1194 1370 1234 sibi
1400 1194 1649 1235 videbantur
1679 1195 1748 1234 de-

375 1268 657 1320 prehendisse,
681 1268 776 1308 huic
797 1267 1013 1309 confestim
1036 1267 1281 1309 asserebant
1301 1272 1514 1308 auctorem
1536 1268 1746 1308 addictum

375 1342 504 1384 fuisse
544 1354 677 1395 neque
718 1347 949 1382 ceterarum
989 1341 1111 1383 huius
1153 1341 1284 1382 libelli
1324 1342 1505 1393 partium
1537 1341 1749 1382 habebant

376 1417 594 1457 rationem.
646 1415 764 1465 Quod
796 1416 830 1457 si
861 1415 1072 1465 fecissent,
1103 1414 1193 1456 fieri
1226 1427 1308 1456 non
1329 1416 1515 1467 potuisse
1543 1416 1746 1466 existimo,

374 1494 420 1529 ut
452 1494 671 1542 tantopere
703 1491 762 1531 illi
802 1491 912 1530 iuter
953 1501 996 1530 se
1036 1493 1283 1541 pugnarent.
1347 1489 1464 1530 Licet
1503 1489 1614 1530 enim
1646 1490 1747 1530 satis

374 1563 458 1604 late
489 1568 661 1614 pateant
683 1576 815 1615 neque
837 1576 885 1603 ex
907 1568 1022 1604 certa
1043 1563 1220 1614 quadam
1243 1563 1582 1614 philosophorum
1606 1563 1747 1604 schola

374 1638 507 1689 primo
539 1638 686 1678 obtutu
719 1637 940 1678 videantur
971 1637 1124 1678 hausta
1161 1650 1254 1679 esse
1292 1649 1342 1677 ea
1372 1648 1476 1688 quae
1513 1637 1555 1677 in
1586 1636 1747 1677 Tabula

330 1748 336 1751 .
373 1711 642 1752 inveniuntur
673 1714 917 1763 praecepta,
955 1715 1095 1751 tamen
1125 1711 1228 1751 adeo
1266 1722 1347 1751 non
1380 1710 1526 1751 deesse
1565 1710 1747 1752 arbitror

373 1785 535 1826 Stoicae
552 1784 764 1826 doctrinae
781 1785 946 1835 indicia,
969 1788 1016 1826 ut
1036 1785 1132 1825 huic
1152 1784 1335 1825 familiae
1353 1789 1565 1825 auctorem
1586 1796 1746 1827 summo

373 1858 462 1899 iure
492 1859 697 1910 possimus
729 1859 957 1910 assignare.

488 1932 581 1973 Jam
614 1933 743 1985 igitur
774 1933 815 1973 in
847 1932 1029 1973 auctoris
1051 1932 1100 1972 de
1130 1932 1391 1984 philosophia
1423 1932 1654 1974 sententias
1687 1933 1746 1974 ita

375 2006 649 2057 inquiramus,
682 2011 728 2047 ut
759 2007 936 2058 primum
969 2006 1205 2056 videamus,
1238 2018 1362 2057 quam
1394 2006 1625 2047 doctrinam
1659 2019 1744 2047 am-

372 2079 517 2130 plexus
559 2080 613 2120 sit
653 2080 702 2120 de
744 2081 867 2121 rebus
909 2080 1026 2121 bonis
1066 2085 1107 2120 et
1147 2079 1267 2120 malis
1301 2083 1342 2120 et
1378 2079 1541 2129 mediis,
1581 2080 1743 2130 deinde,

374 2165 580 2203 quaenam
612 2153 753 2195 tradat
784 2154 834 2195 (le
864 2153 1088 2194 virtutibus
1120 2158 1162 2194 et
1193 2153 1318 2194 vitiis.

515 2271 549 2316 1.
582 2271 648 2316 De
682 2270 838 2317 rebus
873 2271 1016 2317 bonis
1050 2271 1101 2316 et
1130 2269 1282 2316 malis
1315 2271 1366 2316 et
1395 2270 1594 2316 mediis.

679 2387 715 2415 a.
749 2374 815 2415 De
846 2375 991 2415 rebus
1024 2374 1167 2415 bonis
1199 2377 1247 2413 et
1277 2373 1440 2413 malis.

487 2454 692 2496 Plurimos
731 2454 919 2495 homines
957 2455 1009 2495 ad
1041 2453 1343 2495 beatitudinem
1381 2453 1499 2494 nixos
1532 2452 1663 2494 Cebes
1695 2465 1744 2493 ea

372 2542 415 2570 re
447 2529 567 2570 docet
596 2529 695 2579 labi,
727 2529 836 2579 quod
868 2541 949 2569 non
983 2531 1094 2569 reete
1125 2527 1309 2568 iudicent
1340 2527 1390 2568 de
1418 2527 1538 2569 bonis
1560 2530 1601 2568 et
1621 2527 1744 2567 malis

373 2607 414 2643 et
444 2603 509 2652 iis,
541 2615 647 2655 quae
679 2614 754 2643 nec
784 2603 894 2643 bona
927 2603 1010 2644 sint
1041 2614 1116 2644 nec
1145 2601 1269 2643 mala.
1315 2601 1482 2642 Partem
1504 2602 1611 2643 enim
1635 2613 1743 2642 mor-

372 2677 518 2717 talium
552 2689 617 2717 res
649 2676 816 2717 fortuna
841 2677 1006 2717 oblatas
1027 2687 1252 2727 earumque
1274 2688 1392 2716 usum
1425 2676 1741 2716 immoderatum
