1888 3170
834 184 1144 222 —120—

305 291 451 337 ἀδικεῖ
499 293 579 348 μὲν
629 293 701 335 καὶ
757 296 1064 347 δικαιοπραγεῖ
1112 290 1218 334 ὅταν
1275 290 1407 334 ἑκών
1455 309 1518 342 τις
1568 288 1678 334 αὐτὰ

303 365 496 420 πράττῃ.
516 399 552 408 ..
595 363 786 420 ἀδίκημα
826 359 878 420 δὴ
912 366 983 408 καὶ
1016 364 1371 420 δικαιοπράγημα
1404 363 1584 420 ὥρισται
1618 368 1676 423 τῷ

305 441 491 498 ἑκουσίῳ
530 440 602 482 καὶ
639 437 847 498 ἀκουσίῳ.
896 442 982 483 ibid
1019 455 1058 494 p.
1096 445 1262 483 1136a:
1302 436 1355 481 οὐ
1396 436 1480 494 γὰρ
1516 435 1679 482 ταύτὸν

303 512 351 557 τὸ
383 512 539 556 τᾶδικα
569 512 775 567 πράττειν
806 517 865 571 τῷ
899 510 1093 556 ἀδικεῖν.
1116 547 1124 556 .
1143 546 1152 555 .
1173 548 1181 555 .
1225 510 1386 567 ὁμοίως
1424 512 1471 555 δὲ
1508 512 1579 555 καὶ
1611 512 1679 555 ἐπὶ

304 591 383 631 τοῦ
416 590 760 642 δικαιοπραγεῖν.
822 589 968 641 Itaque
996 589 1030 630 si
1062 589 1189 630 ullum
1213 588 1399 629 Tabulae
1430 588 1676 629 vocabulum

304 664 355 704 ad
388 664 720 717 disquisitionem
753 668 937 705 nostram
960 676 1154 715 magnum
1187 662 1310 704 affert
1331 667 1602 712 momentum,
1634 662 1675 702 id

303 742 413 779 certe
445 742 508 779 est
539 738 642 778 illud
676 738 1026 790 δικαιοπραγεῖν,
1064 737 1173 789 quod
1214 737 1416 789 originem
1448 736 1626 777 traxerit
1656 747 1680 775 a

303 812 542 853 discrimine
580 812 614 852 si
657 811 791 852 minus
834 811 886 851 ab
918 811 1143 853 Aristotele
1180 811 1369 860 invento,
1408 813 1595 851 attamen
1627 809 1679 850 ab

302 898 348 927 eo
382 886 514 937 primo
546 887 666 939 quasi
703 886 745 926 in
776 885 1080 938 philosophiam
1121 886 1355 927 introducto
1389 889 1430 925 et
1461 885 1679 925 verborum

303 962 450 1002 δίκαια
492 957 699 1013 πράττειν
737 966 779 1002 et
812 961 1143 1013 δικαιοπραγεῖν
1184 959 1428 1001 diversitate
1469 959 1678 1000 denotato.

303 1035 546 1076 Utebantur
568 1035 716 1076 deinde
738 1035 813 1076 hoc
841 1034 1040 1075 vocabulo
1066 1034 1283 1083 Diodorus,
1307 1032 1579 1083 Plutarchus,
1611 1032 1681 1084 qui

303 1109 467 1160 saepius
500 1109 540 1149 id
574 1108 801 1149 adhibebat
830 1109 1009 1161 itemque
1032 1108 1298 1149 substantiva
1322 1104 1680 1159 δικαιοπράγημα

303 1186 345 1223 et
378 1184 688 1235 δικαιοπραγιά
721 1183 762 1223 in
791 1195 908 1223 usum
939 1182 1114 1223 vocavit.
1174 1181 1307 1231 Quam
1338 1180 1588 1222 Aristoteles
1617 1180 1681 1221 his

304 1257 440 1297 verbis
474 1257 645 1298 subesse
685 1257 872 1298 voluerat
910 1257 1193 1308 angustiorem
1237 1255 1600 1307 significationem,
1632 1266 1681 1296 ea

303 1331 507 1382 paulatini
546 1331 768 1372 obliterata
807 1336 888 1381 est,
921 1332 981 1371 ita
1022 1335 1067 1371 ut
1100 1331 1433 1382 δικαιοπραγεῖν
1472 1329 1580 1369 idem
1614 1329 1682 1369 de-

301 1405 439 1456 signet
471 1404 578 1456 quod
617 1406 764 1445 δίκαια
795 1402 1013 1457 πράττειν.
1083 1405 1205 1444 Velut
1240 1404 1444 1455 Diogenes
1476 1403 1680 1453 Laertius,

304 1478 375 1519 ubi
409 1479 457 1519 de
490 1478 663 1520 Platone
695 1479 886 1530 exponit,
921 1482 963 1529 3,
983 1481 1054 1528 s3‚
1077 1481 1124 1519 91
1161 1478 1224 1519 bis
1257 1486 1457 1530 tanquam
1489 1490 1539 1518 ex
1571 1477 1681 1518 illius

304 1553 511 1594 sententia
531 1554 699 1605 scripsit
718 1554 1052 1605 δικαιοπραγεῖν
1069 1565 1142 1604 pro
1161 1552 1231 1593 illo
1251 1553 1398 1592 δίκαια
1418 1548 1624 1603 πράττειν
1635 1551 1680 1601 1).

418 1623 607 1679 δύναμις
642 1630 756 1677 14,3;
803 1630 918 1677 19,1;
964 1630 1058 1676 19,4
1096 1626 1155 1666 ita
1188 1630 1430 1677 usurpatur,
1473 1629 1517 1666 ut
1549 1625 1678 1676 signi-

300 1699 395 1741 ficet
432 1701 785 1742 medicamentum
823 1700 885 1741 vel
923 1700 1146 1752 potionem.
1216 1702 1280 1740 ita
1321 1699 1399 1740 hoc
1430 1699 1679 1740 vocabulum

301 1780 468 1827 praeter
499 1775 680 1816 medicos
711 1775 928 1816 usitabant
961 1774 1164 1815 Diodorus
1204 1779 1245 1815 et
1276 1773 1538 1815 Plutarchus.
1601 1774 1681 1815 Sed

302 1850 439 1891 nescio
483 1862 534 1890 an
576 1848 880 1900 significatione
922 1849 1135 1890 abstracta
1175 1849 1308 1900 accipi
1349 1849 1500 1900 possit,
1545 1853 1591 1890 ut
1628 1849 1683 1889 sit

310 1925 395 1976 „vis
429 1936 553 1965 verae
585 1923 808 1964 eruditioni
842 1923 1106 1964 inhaerens“.
1177 1923 1422 1964 Necessario
1459 1923 1520 1964 ita
1556 1924 1681 1964 inter-

303 1998 551 2050 pretandum
576 2002 639 2039 est
663 2000 773 2047 221,
796 1997 866 2038 ubi
889 1997 1114 2037 Beatitudo
1137 1997 1288 2037 dicitur
1311 2008 1394 2047 eos,
1426 1997 1496 2048 qui
1518 1997 1568 2038 ad
1590 2009 1681 2038 eain

304 2073 603 2122 ascenderunt,
643 2084 841 2112 coronare
879 2073 929 2125 τῇ
971 2070 1126 2124 ἑαυτῆς
1165 2067 1361 2123 δυνάμει.
1430 2071 1505 2111 Est
1544 2075 1681 2112 autem

302 2147 376 2188 illa
409 2147 473 2187 vis
502 2147 784 2188 Beatitudinis
807 2145 991 2187 effectrix
1013 2146 1286 2186 beatitudiuis
1309 2144 1455 2197 (23,4).
1520 2144 1682 2186 Dixeris

307 2233 398 2262 cum
431 2222 613 2272 imagine
645 2233 726 2262 non
756 2221 992 2270 convenire,
1025 2220 1134 2271 quod
1165 2219 1350 2261 homines
1382 2220 1576 2261 bibentes
1607 2219 1684 2261 fin-

307 2300 460 2347 gantur
492 2309 573 2336 non
608 2296 832 2348 potionem,
867 2295 940 2336 sed
970 2295 1051 2335 vim
1082 2295 1130 2345 ei,
1163 2295 1234 2346 qui
1262 2294 1435 2346 praebet
1456 2294 1681 2346 potionem,

424 2442 450 2485 1)
477 2443 518 2476 In
535 2442 729 2475 Stoicorum
749 2442 909 2485 reliquiis
926 2441 1041 2476 adhuc
1058 2441 1189 2475 frustra
1208 2441 1292 2474 haec
1311 2441 1484 2475 vocabula
1510 2440 1681 2484 quaesivi;

304 2510 516 2543 quamquam
544 2499 758 2533 Plutarchus
792 2499 831 2533 de
863 2498 967 2532 Stoic.
999 2509 1073 2541 rep.
1106 2509 1137 2540 p.
1168 2500 1251 2531 1041
1267 2508 1304 2530 a:
1338 2497 1402 2531 καὶ
1433 2494 1505 2541 μὴν
1538 2494 1578 2531 ἐν
1602 2501 1683 2536 ταῖς

304 2555 390 2599 περὶ
418 2551 661 2598 δικαιοσύνης
693 2549 907 2596 ἀποδείξεσι
934 2552 1031 2597 λέγει
1064 2548 1095 2596 (ὁ
1124 2550 1351 2596 Χρύσιππος)
1384 2551 1501 2598 ῥητῶς
1527 2549 1583 2588 ὅτι
1608 2555 1683 2588 πᾶν

305 2609 536 2656 κατόρθωμα
555 2611 619 2645 καὶ
639 2607 836 2655 εὐνόμημα
855 2611 918 2645 καὶ
936 2607 1240 2655 δικαιοπράγημά
1261 2608 1346 2653 ἐστι,
1365 2612 1477 2655 ipsius
1494 2612 1683 2656 Chrysippi

304 2670 411 2707 verba
438 2670 585 2704 reddere
611 2670 759 2704 videtur.
