1888 3170
373 323 576 375 pellectile
607 321 827 363 verborum
864 333 954 362 esse
985 321 1163 372 videtur,
1202 320 1311 374 quod
1342 323 1448 370 26‚3
1487 322 1738 371 contemptio

374 409 536 448 eorum,
567 408 673 448 quae
704 395 826 447 vulgo
856 395 967 436 bona
997 396 1064 436 vel
1094 395 1203 436 mala
1236 394 1545 444 existimantur,
1576 393 1642 434 his
1674 405 1742 434 ex—

373 470 586 522 primitur:
627 465 771 510 ἐπάνω
808 466 987 510 πάντων
1025 467 1150 509 ἐστὶ.
1182 502 1189 509 .
1220 500 1228 508 .
1280 469 1421 520 Ipsum
1458 467 1561 508 illud
1597 463 1742 507 ἐπάνω

374 545 453 586 nisi
485 543 780 585 recentissimis
811 543 1064 594 temporibus
1096 542 1375 594 metaphorice
1407 553 1488 583 non
1511 541 1742 582 adhibitum

374 630 464 660 esse
504 622 644 659 monet
675 617 904 659 Drosihnus
947 616 1007 666 (in
1044 616 1177 658 indice
1207 616 1430 657 verborum
1468 615 1638 656 editioni
1672 615 1743 655 ad—

374 693 460 734 dito
492 704 523 732 s.
547 705 582 732 v.
614 687 835 742 ἐπάνω)’).
897 689 977 731 Sed
1013 690 1208 731 usitatius
1245 689 1323 731 hac
1354 688 1656 741 significatione
1686 687 1744 728 vi-

374 767 495 808 detur
531 764 662 806 fuisse
701 759 920 815 ὑπεράνω.
989 763 1048 804 Cf.
1089 764 1318 816 Diogenem
1355 763 1464 814 apud
1503 762 1615 804 Stob.
1654 761 1742 803 flor.

375 843 528 891 86,19;
552 839 834 881 nobilissimos
857 850 947 880 esse
968 833 1072 886 τοὺς
1091 835 1286 878 πλούτου
1310 870 1319 878 .
1343 870 1351 878 .
1374 870 1382 877 .
1407 837 1744 889 καταφρονοῦν-

372 929 460 965 τας,
491 915 581 954 τῶν
613 910 660 954 δὲ
692 912 904 953 ἐναντίων
935 906 1139 964 ὑπεράνω
1172 907 1320 962 ὄντας,
1352 913 1522 962 πενίας,
1553 905 1743 961 ἀδοξίας,

372 983 538 1037 πόνου,
587 986 804 1027 θανάτου.
880 987 978 1028 Luc.
1026 987 1200 1028 Demon.
1249 989 1291 1027 3:
1342 981 1521 1025 πάντων
1572 981 1744 1024 τούτων

372 1055 573 1113 ὑπεράνω
618 1057 866 1113 γενόμενος.
934 1061 1018 1102 Tel.
1059 1061 1164 1112 apud
1209 1059 1311 1101 Stol.
1352 1057 1390 1098 fl.
1432 1061 1576 1108 97,31:
1621 1059 1660 1098 εἰ
1697 1056 1744 1099 δὲ

371 1131 549 1176 πάντων
579 1150 644 1183 τις
673 1136 762 1175 τῶν
792 1133 1009 1176 τοιούτων
1040 1129 1241 1185 ὑπεράνω
1273 1131 1458 1185 γένοιτο.
1510 1131 1617 1173 Plut.
1641 1144 1742 1173 mor.
1771 1130 1777 1135 ’

376 1209 486 1250 lob:
521 1204 566 1249 τὸ
598 1210 674 1263 τῆς
705 1203 838 1262 ὀργῆς
868 1203 1071 1261 ὑπεράνω
1102 1209 1348 1260 γίγνεσθαι.

488 1283 522 1323 Α
561 1283 750 1333 Socrate,
791 1282 981 1333 Platone,
1018 1282 1245 1323 Aristotele
1281 1285 1540 1332 quantopere
1579 1280 1744 1321 diversa

373 1358 428 1399 sit
456 1370 518 1408 ea,
550 1369 674 1408 quam
705 1357 747 1397 in
770 1357 922 1398 Pinace
953 1357 1126 1406 invenis,
1159 1367 1296 1396 rerum
1325 1359 1591 1395 externarum
1620 1354 1743 1395 aesti-

372 1432 518 1482 matio,
550 1429 714 1483 supra2)
745 1431 1009 1482 exposuimus
1022 1428 1068 1481 ³).
1135 1430 1256 1470 Nunc
1288 1433 1426 1470 utrum
1461 1428 1659 1481 Cynicum
1690 1441 1743 1469 an

372 1506 554 1548 Stoicum
586 1505 771 1547 Tabulae
811 1509 1024 1546 auctorem
1065 1504 1193 1545 fuisse
1234 1503 1489 1556 probabilius
1521 1503 1593 1543 sit.
1632 1502 1744 1543 vide-

372 1594 501 1622 amus.
555 1582 690 1632 Atque
711 1603 761 1607 -
787 1583 834 1620 ut
860 1579 1026 1620 mittam
1057 1590 1254 1630 quaerere
1282 1578 1331 1619 de
1353 1578 1562 1630 capitibus
1583 1580 1652 1629 42,
1675 1579 1743 1626 43,

371 1655 440 1696 ubi
473 1668 539 1696 res
561 1659 755 1694 externas
787 1654 829 1694 in
860 1653 981 1693 malis
1004 1653 1212 1694 ducendas
1248 1664 1328 1693 non
1360 1664 1451 1692 esse
1481 1652 1584 1703 ipsis
1605 1651 1742 1692 verbis

372 1728 490 1779 dicit3
534 1728 701 1769 dubiam
746 1729 857 1769 enim
899 1728 1046 1769 horum
1089 1727 1272 1778 capitum
1313 1726 1611 1767 auctoritatem
1653 1737 1745 1766 esse

376 1816 504 1855 supra
534 1803 714 1844 vidimus
750 1815 790 1854 p.
825 1805 878 1843 30
910 1825 982 1851 —,
1021 1805 1187 1842 tantum
1218 1800 1359 1851 abest,
1396 1804 1443 1840 ut
1475 1799 1607 1841 Cebes
1644 1800 1745 1840 velit

376 1881 667 1929 paupertatem
698 1876 854 1917 divitiis
892 1887 984 1917 esse
1015 1874 1350 1926 praeferendam,
1389 1878 1437 1915 ut
1466 1878 1611 1915 contra
1643 1877 1742 1924 31,6

488 2026 521 2070 1)
549 2021 675 2059 ἐπάνω
698 2025 852 2060 occurrit
872 2025 938 2058 hac
956 2023 1207 2065 significatione
1223 2023 1417 2057 adhibitum
1436 2023 1540 2066 Diog.
1557 2022 1596 2056 L.
1614 2022 1665 2056 VI
1682 2024 1744 2065 28;

371 2083 413 2117 cf.
440 2093 551 2126 supra
575 2093 610 2126 p.
637 2085 689 2116 13.

487 2140 519 2182 ²)
544 2150 578 2183 p.
603 2142 647 2173 40
673 2150 724 2182 sq.

486 2197 514 2241 ⁸)
540 2197 728 2231 Feurlinus
759 2207 793 2240 p.
820 2197 864 2230 54
895 2195 981 2229 illud
1014 2196 1055 2230 de
1090 2205 1208 2229 rerum
1243 2200 1468 2229 externarum
1501 2195 1743 2230 aestimatione

370 2256 541 2299 placitum
566 2266 635 2289 non
660 2256 710 2289 ita
735 2254 809 2288 vult
833 2254 1017 2298 proprium
1043 2264 1118 2288 6556
1143 2253 1359 2296 Stoicorum,
1392 2259 1430 2286 ut
1461 2253 1495 2286 in
1521 2263 1561 2287 ea
1585 2264 1623 2287 re
1647 2264 1668 2287 a
1692 2263 1744 2288 ce-

372 2314 456 2347 teris
491 2313 632 2346 familiis
658 2312 878 2346 dissentiant.
920 2311 986 2345 Sed
1020 2321 1108 2354 quae
1132 2311 1235 2344 huius
1267 2311 1458 2344 sententiae
1481 2310 1617 2354 profert
1640 2321 1744 2354 argu-

371 2376 505 2413 menta,
540 2381 581 2404 ea
614 2370 714 2403 nihili
748 2369 909 2402 facienda
945 2374 1036 2402 sunt.
1084 2367 1184 2411 Quod
1218 2368 1308 2401 enim
1345 2367 1452 2401 Stoici
1488 2367 1651 2411 dogmata
1682 2378 1744 2402 sua

373 2427 540 2461 dixerunt
565 2427 764 2469 Socratica,
800 2426 879 2460 inde
905 2436 974 2459 non
1007 2425 1115 2468 magis
1145 2425 1305 2468 sequitur
1336 2434 1374 2458 re
1406 2435 1490 2458 vera
1514 2424 1650 2459 Stoicos
1674 2436 1744 2459 non

375 2484 480 2519 fuisse
505 2484 573 2517 nisi
600 2483 758 2517 Socratis
785 2483 998 2526 interpretes
1024 2493 1128 2526 quam
1155 2492 1197 2515 ex
1216 2482 1393 2516 Ciceronis
1421 2482 1594 2516 sententia
1619 2482 1743 2525 (praef.

372 2541 414 2574 ad
428 2541 561 2584 parad.)
575 2539 756 2583 paradoxa
769 2540 917 2573 maxime
932 2539 1068 2573 Socrati
1082 2538 1268 2573 convenire
1282 2539 1524 2572 existimantis.
1562 2539 1743 2573 Aeschinis

371 2602 485 2631 autem
511 2597 687 2639 dialogos,
718 2606 806 2639 quos
830 2596 926 2629 illius
952 2596 1044 2629 inter
1069 2595 1264 2629 Socraticos
1289 2601 1323 2628 et
1348 2596 1480 2630 Stoicos
1506 2596 1743 2630 consensionis

372 2654 559 2687 Feurlinus
582 2653 826 2697 gravissimum
852 2663 925 2688 esse
951 2652 1026 2686 vult
1050 2651 1306 2695 testimonium,
1339 2662 1440 2686 nemo
1470 2657 1522 2687 est
1552 2653 1658 2686 hodie
1683 2652 1742 2695 qui

370 2712 544 2753 genuinos
570 2720 643 2745 esse
669 2711 855 2744 existimet.
