1888 3170
757 200 921 237 Μ47

209 306 313 348 illud
344 314 457 349 certo
489 308 698 361 explorari
731 316 933 362 nequeat,
979 312 1073 354 huic
1114 313 1311 365 temporis
1343 316 1466 353 notae
1496 323 1577 353 non

208 381 384 422 multum
415 382 646 424 tribuemus
678 386 891 426 momenti.

323 454 386 495 Ex
418 455 494 496 hac
525 469 663 497 rerum
689 461 954 499 externarum
987 461 1278 502 aestimatione
1301 459 1580 512 consequitur,

208 532 254 569 ut
283 540 365 569 11011
398 528 633 571 affectanda
666 531 721 571 sit
752 544 894 572 earum
926 534 1155 584 possessio,
1201 534 1447 586 praesertim
1488 544 1580 573 cum

207 602 450 644 inconstans
483 603 538 644 sit
564 603 765 655 Fortuna,
799 618 906 657 quae
927 619 997 648 cas
1021 606 1235 648 distribuit
1266 608 1317 652 (c.
1353 606 1438 657 31).
1491 606 1582 647 Hoc

206 679 271 716 est
301 680 606 728 argumentum,
639 689 719 728 quo
751 678 876 719 etiam
898 684 1024 730 atque
1046 681 1168 723 etiam
1194 679 1321 722 Stoici
1354 680 1579 732 ceterique,

206 750 275 800 qui
308 750 360 790 ad
391 762 648 792 communem
680 751 1012 804 intellegentiam
1034 755 1344 796 accommodate
1376 754 1426 795 de
1458 754 1580 795 rebus

207 823 434 864 moralibus
467 829 760 876 exposuerunt,
794 825 1025 878 philosophi
1053 828 1296 869 recentioris
1332 829 1485 869 aetatis
1516 827 1581 867 usi

207 901 314 945 sunt,
343 901 390 938 ut
411 897 464 938 ab
487 897 654 938 illarum
677 911 812 939 rerum
835 900 1062 951 cupiditate
1083 905 1125 942 et
1146 902 1284 943 studio
1306 901 1578 942 deterrerent.

206 970 291 1011 Nec
322 971 484 1012 mirum.
546 971 759 1013 Libertate
791 974 900 1014 enim
924 973 1126 1015 Graeciae
1157 976 1352 1026 adempta
1383 974 1581 1015 maxima-

205 1056 284 1096 que
315 1046 496 1086 omnium
540 1058 678 1087 rerum
721 1047 953 1088 mutatione
998 1047 1148 1090 effecta
1190 1048 1278 1090 fieri
1321 1061 1403 1091 non
1445 1048 1582 1100 potuit

204 1119 304 1169 quin
336 1120 471 1160 minus
503 1119 587 1160 iam
619 1119 767 1162 Graeci
808 1121 858 1163 de
900 1128 1012 1163 sorte
1054 1135 1129 1164 sua
1162 1122 1418 1164 confiderent
1449 1121 1581 1162 tristi-

205 1204 334 1244 usque
374 1193 424 1234 de
467 1194 592 1235 rebus
634 1195 826 1236 humanis
858 1196 1089 1248 inciperent
1127 1197 1295 1238 sentire.
1361 1196 1487 1238 Cuius
1519 1195 1581 1236 rei

203 1266 409 1308 illustrius
435 1267 633 1308 indicium
655 1280 746 1310 esse
768 1281 849 1310 non
872 1274 1024 1320 potest,
1056 1282 1180 1321 quam
1203 1271 1311 1322 quod
1333 1271 1578 1319 Fortunam,

203 1353 327 1393 quam
358 1342 547 1393 prosperi
589 1353 803 1384 successus
844 1342 964 1384 deam
1006 1343 1252 1397 intellegere
1292 1345 1404 1386 soliti
1445 1351 1580 1398 erant,

205 1415 301 1456 inde
332 1415 385 1457 ab
417 1428 465 1456 ea
497 1419 638 1457 aetate
660 1429 810 1457 numen
834 1429 924 1458 esse
947 1418 1167 1459 voluerunt
1190 1420 1349 1460 varium
1381 1425 1423 1462 et
1444 1425 1581 1463 muta-

204 1488 303 1539 bile,
337 1489 453 1530 cuius
485 1490 538 1530 ab
570 1491 746 1531 arbitrio
779 1504 828 1532 ea
859 1492 1075 1543 petebant,
1119 1505 1225 1545 quae
1257 1506 1281 1534 a
1312 1493 1483 1535 deorum
1515 1496 1578 1536 iu—

204 1563 321 1604 stitia
352 1563 436 1614 peti
468 1575 550 1604 non
581 1563 825 1617 poterant1).
891 1564 993 1606 Cum
1026 1566 1170 1607 eadem
1202 1571 1341 1609 aetate
1374 1570 1580 1620 convenit,

203 1637 313 1688 quod
346 1649 411 1678 res
443 1650 468 1678 a
498 1637 687 1679 Fortuna
728 1638 895 1679 oblatae
936 1651 1027 1679 cum
1070 1640 1254 1691 pecuniis
1288 1648 1582 1694 comparantur

203 1711 416 1763 depositis,
438 1723 520 1753 non
543 1712 650 1753 dono
672 1712 795 1763 datis,
819 1713 970 1765 quique
989 1713 1249 1756 immemores
1272 1715 1579 1758 inconstantiae

203 1785 415 1827 Fortunae
447 1790 490 1826 et
519 1784 762 1836 fragilitatis
803 1798 941 1827 rerum
981 1786 1152 1828 moleste
1195 1787 1354 1840 ferunt,
1402 1790 1436 1831 si
1480 1791 1580 1843 quid

204 1859 264 1900 eis
296 1862 484 1911 ereptum
528 1863 609 1910 est,
657 1871 750 1900 011111
782 1860 1032 1911 argentariis
1077 1873 1142 1912 ea,
1187 1873 1294 1913 quae
1332 1863 1383 1904 iis
1422 1864 1580 1905 credita

205 1936 316 1984 sunt,
343 1932 518 1974 reddere
540 1933 814 1984 gravantibus
837 1933 957 1983 (Tab.
982 1937 1076 1982 31,3
1096 1933 1189 1987 sq.).
1243 1934 1311 1976 Sic
1341 1936 1444 1978 Bion
1468 1939 1579 1990 apud

208 2006 434 2048 Stobaeum
467 2005 573 2057 (flor.
607 2010 700 2058 105,
724 2007 814 2057 56):
869 2002 930 2047 Τὰ
962 2007 1159 2061 χρήματα
1189 2016 1280 2057 τοῖς
1295 2012 1523 2060 πλουσίοις
1551 2006 1577 2064 ἡ

202 2077 310 2134 τύχη
344 2075 398 2121 οὐ
442 2077 714 2134 δεδώρηται,
754 2075 862 2121 ἀλλὰ
895 2078 1159 2122 ὃεὸάνεικεν.
1222 2082 1378 2126 Seneca
1409 2097 1472 2137 ep.
1506 2089 1578 2127 87:

203 2155 284 2196 nisi
315 2155 423 2196 forte
454 2155 612 2196 iudices
644 2155 845 2196 interesse
881 2160 1020 2197 utrum
1053 2156 1205 2208 aliquis
1244 2158 1296 2199 ab
1329 2158 1494 2200 homine
1524 2173 1578 2201 an

203 2241 228 2270 a
246 2229 433 2271 Fortuna
449 2235 639 2271 mutuum
654 2230 890 2281 sumpserit.
934 2230 1152 2281 Epictetus
1175 2236 1316 2273 monet
1329 2245 1382 2274 ne
1396 2233 1579 2275 dicamus

208 2303 394 2354 „amisi“,
413 2304 486 2345 sed
508 2303 718 2354 „reddidi“
740 2302 932 2355 (11155111
951 2306 1016 2354 24,
1037 2307 1110 2354 88;
1134 2305 1287 2346 enchir.
1311 2308 1387 2354 11).
1421 2307 1577 2348 Eodem

202 2377 384 2429 pertinet
415 2377 595 2419 Senecae
634 2378 747 2419 locus
780 2378 829 2419 de
852 2379 923 2419 vit.
947 2380 1057 2419 beat.
1093 2382 1164 2420 21:
1213 2379 1382 2421 divitias
1413 2381 1578 2433 quidem

203 2450 273 2491 ubi
303 2451 434 2492 tutius
465 2452 652 2493 Fortuna
673 2452 862 2503 deponet,
895 2463 1019 2503 quam
1052 2452 1122 2504 ibi,
1155 2453 1262 2494 unde
1289 2453 1379 2495 51110
1409 2455 1578 2505 querela

202 2525 416 2567 reddentis
436 2530 658 2578 receptura
690 2526 781 2566 est‘?
829 2525 1012 2567 Luciano
1035 2527 1176 2567 nescio
1208 2539 1261 2567 an
1294 2527 1363 2568 ille
1395 2528 1579 2569 Tabulae

318 2625 346 2668 1)
372 2626 418 2660 cf.
445 2627 615 2671 Schmidt,
653 2628 686 2662 d.
718 2628 829 2661 Ethik
860 2628 890 2664 d.
923 2628 1017 2662 alten
1052 2628 1228 2662 Griechen
1256 2629 1271 2661 Ι
1297 2640 1330 2671 p.
1357 2630 1400 2662 56
1425 2639 1477 2672 sq.
1525 2629 1578 2663 De

203 2683 320 2717 eadem
347 2693 385 2716 re
410 2695 440 2717 v.
465 2684 556 2717 infra
582 2697 613 2727 p.
642 2688 695 2719 94.
