1888 3170
737 201 987 237 -7-

172 312 386 365 aliquanto
417 312 617 354 maiorem
649 314 833 353 aetatem
870 323 962 353 eum
996 315 1171 354 noverat
1207 311 1250 353 in
1288 312 1458 364 eiusque
1489 311 1549 352 vi-

171 386 295 428 vendi
326 387 530 427 rationem
561 385 746 427 animum
778 385 1028 437 intenderat,
1060 397 1183 439 quam
1215 397 1297 439 qua
1323 384 1477 427 Critias
1507 388 1549 426 et

173 460 409 502 Alcibiades
440 459 609 502 fuerunt
639 471 720 513 quo
751 462 937 512 tempore
967 459 1130 501 Socrati
1160 460 1320 501 animos
1353 471 1450 500 suos
1481 471 1550 501 ex-

172 534 363 576 colendos
396 535 496 576 dare
527 534 751 575 desierunt.
814 533 915 584 Quis
958 534 1066 575 enim
1108 546 1201 576 cum
1233 546 1299 585 eo,
1335 533 1407 586 qui
1437 545 1474 574 v.
1508 545 1547 586 g.

171 609 427 650 tricesimum
472 620 625 649 annum
674 619 803 659 agens
854 608 1030 649 vitiosus
1074 620 1167 650 esse
1208 608 1374 660 incipit,
1419 606 1548 648 alium

171 694 432 736 quemquam,
466 683 535 735 qui
560 682 744 724 eiusdem
767 682 921 724 aetatis
949 683 1016 734 sit,
1038 683 1097 724 ita
1118 686 1342 734 comparet,
1375 684 1420 723 ut
1440 681 1550 723 hunc

172 758 282 799 dicat
313 761 356 799 et
386 753 604 809 νεώτερον
636 760 678 798 et
699 753 999 809 πρεσβύτερον
1031 757 1074 798 in
1096 758 1254 799 virtute
1285 755 1548 809 perstitisse?

171 832 298 885 Atqui
330 832 588 873 Alcibiadem
621 831 773 873 scimus
806 843 889 874 non
920 835 1015 873 ante
1045 844 1191 885 pacem
1222 832 1356 884 illam,
1387 843 1493 884 quae
1525 843 1549 872 a

172 905 290 947 Nicia
321 917 470 947 nomen
503 905 639 957 duxit,
678 917 702 945 a
733 904 905 947 Socrate
936 906 1160 948 descivisse
1191 911 1233 948 et
1264 907 1306 947 in
1337 905 1549 958 republica

170 981 352 1032 gerenda
374 992 543 1032 operam
564 980 882 1032 consumpsisse.
943 979 1205 1033 Thucydides
1236 980 1402 1033 quidem
1434 983 1471 1032 5,
1495 983 1547 1021 43

170 1055 229 1096 ita
261 1065 354 1095 eum
381 1056 689 1104 commemorat,
722 1057 768 1095 ut
799 1066 880 1095 non
903 1057 1028 1096 antea
1049 1054 1102 1095 ad
1124 1054 1423 1107 rempublicam
1455 1066 1549 1096 eum

168 1129 392 1170 accessisse
409 1129 642 1180 intellegas,
660 1139 848 1180 quaeque
863 1128 1095 1181 Xenophon
1113 1128 1150 1169 ei
1173 1129 1333 1170 crimini
1353 1127 1481 1180 dat¹)‚
1499 1141 1549 1170 ea

170 1204 261 1255 ipsa
281 1215 443 1256 quoque
473 1206 568 1254 post
598 1213 744 1255 pacem
777 1202 891 1243 illam
918 1203 1030 1244 inter
1052 1202 1327 1244 Athenienses
1360 1207 1402 1244 et
1423 1202 1549 1244 Lace-

169 1277 410 1319 daemonios
455 1276 689 1318 confectam
730 1275 1011 1329 evenerunt2).
1078 1276 1182 1318 Tum
1230 1278 1339 1319 enim
1385 1280 1550 1319 constat

171 1351 445 1403 Alcibiadem,
478 1363 569 1392 cum
601 1355 727 1392 antea
759 1351 811 1392 ab
844 1350 1116 1402 optimatibus
1150 1351 1355 1402 stetisset,
1395 1351 1448 1392 ad
1479 1363 1550 1404 po-

170 1427 255 1479 puli
279 1428 420 1478 partes
442 1425 654 1475 transisse,
689 1437 815 1477 aegre
837 1424 1053 1477 ferentem,
1085 1425 1196 1478 quod
1217 1424 1547 1476 Lacedaemonii,

172 1501 322 1553 quibus
355 1500 407 1541 ad
438 1500 479 1540 id
511 1499 712 1551 temporis
753 1499 989 1550 studuerat,
1030 1511 1113 1541 non
1144 1511 1207 1550 se,
1252 1499 1325 1540 sed
1355 1499 1477 1540 Nicia
1508 1501 1549 1540 et

169 1574 351 1616 Lachete
383 1574 446 1615 usi
478 1577 620 1615 essent
651 1573 704 1614 ad
736 1573 851 1614 illam
872 1585 1016 1625 paceni
1039 1571 1418 1626 componendam3).
1472 1573 1548 1615 Po—

169 1661 316 1690 namus
344 1648 472 1699 igitur
493 1647 751 1690 Alcibiadem
774 1647 940 1689 circiter
961 1660 998 1688 a.
1023 1650 1124 1699 420,
1155 1648 1180 1689 i.
1205 1660 1238 1688 e.
1265 1660 1356 1689 cum
1379 1647 1548 1700 trigesi-

168 1735 279 1764 mum
302 1722 389 1765 fere
410 1734 565 1765 annum
593 1720 786 1773 agerem,
811 1720 996 1764 Socratis
1021 1734 1046 1762 a
1075 1733 1118 1763 se
1146 1722 1341 1764 reiecisse
1365 1722 1548 1774 discipli-

170 1809 284 1838 nam:
302 1797 383 1838 iam
403 1796 671 1838 statuendum
689 1796 768 1837 erit
788 1795 998 1846 Cebetem,
1016 1807 1096 1847 quo
1114 1800 1303 1849 tempore
1316 1796 1547 1848 Xenophon

169 1873 283 1913 illum
308 1871 350 1912 in
374 1871 540 1913 modum
563 1871 613 1912 de
635 1883 683 1912 eo
706 1869 918 1921 iudicavit,
947 1870 1162 1922 aliquanto
1193 1871 1393 1912 maiorem
1420 1870 1548 1912 fuisse

290 2032 323 2076 1)
349 2042 470 2067 comm.
497 2032 563 2074 12,
589 2026 740 2066 24:610}
767 2028 808 2064 δὲ
836 2025 997 2073 δύναμιν
1022 2026 1090 2072 τὴν
1118 2025 1157 2063 ἐν
1182 2030 1225 2074 τῇ
1252 2025 1359 2063 πόλει
1384 2030 1448 2063 καὶ
1472 2034 1550 2070 τοῖς

170 2086 378 2134 συμμάχοις
408 2083 482 2123 ὑπὸ
509 2088 655 2122 πολλῶν
680 2087 744 2121 καὶ
776 2087 948 2120 δυνατῶν
974 2081 1187 2129 ἆνθρώπων
1210 2083 1548 2131 διαθρυπτόμενος,

169 2142 243 2181 ὑπὸ
282 2143 323 2180 δὲ
355 2146 423 2180 τοῦ
457 2141 580 2189 δήμου
613 2140 819 2188 τιμώμενος
851 2142 914 2177 καὶ
946 2141 1083 2190 ῥᾳδίως
1115 2139 1332 2186 πρωτεύων,
1365 2138 1548 2188 ἠμέλησεν

164 2199 303 2238 αὑτοῦ.

285 2271 315 2313 2)
342 2273 516 2316 Tempore
561 2271 687 2316 proelii
733 2270 869 2305 Deliaci
914 2269 1137 2304 Alcibiadem
1184 2269 1393 2304 familiarem
1442 2269 1548 2305 fuisse

168 2331 325 2366 Socratis
353 2330 454 2364 Plato
479 2334 630 2364 testatur
655 2339 808 2374 sympos.
834 2329 897 2362 221
914 2338 945 2363 a.
996 2327 1051 2361 Ad
1068 2327 1211 2362 eandem
1235 2338 1391 2371 pugnam
1415 2328 1459 2362 ab
1478 2329 1547 2362 An-

167 2388 319 2423 tisthene
344 2387 451 2431 (apud
476 2387 604 2422 Athen.
633 2386 662 2420 V
681 2388 748 2419 216
761 2385 813 2429 b.)
840 2395 881 2420 ea
904 2384 1120 2428 referuntur,
1146 2395 1234 2428 quae
1251 2384 1344 2428 apud
1362 2384 1546 2422 Platonem

168 2445 319 2490 tconviv.
346 2444 445 2478 2206
463 2447 527 2488 sq.)
554 2443 595 2478 dc
620 2453 737 2487 pugna
762 2443 857 2487 apud
883 2442 1090 2477 Potidaeam
1115 2441 1210 2476 facta
1234 2446 1435 2476 narrantur.

283 2512 316 2557 3)
342 2512 500 2557 Thucyd.
526 2513 558 2556 5,
583 2513 652 2567 43..

282 2581 314 2624 ⁴)
341 2581 384 2616 cf.
411 2582 611 2624 Hertzberg
629 2580 732 2615 Alcib
761 2591 795 2624 p.
821 2581 861 2614 61
891 2590 959 2623 sq.;
985 2580 1045 2624 qui
1071 2581 1147 2624 ipse
1165 2590 1306 2624 quoque
1326 2579 1545 2614 Alcibiadem

167 2640 209 2674 ad
237 2638 491 2683 rempublicam
516 2637 702 2673 accessisse
727 2637 800 2671 vult
824 2648 854 2672 a.
881 2639 957 2672 421.
1007 2637 1061 2672 De
1087 2638 1162 2672 cius
1187 2636 1337 2672 transitu
1364 2636 1408 2670 ad
1434 2646 1545 2681 popu-

167 2697 259 2732 lares
283 2695 327 2730 cf.
353 2695 497 2730 Hertzb.
522 2707 555 2739 p.
584 2697 637 2731 78.
