1888 3170
666 207 933 246 *335-

235 319 330 359 Jam
363 319 412 359 de
443 319 492 359 iis
516 318 740 369 videamus,
774 319 843 371 qui
875 331 964 359 cum
991 318 1173 360 Stoicam
1207 318 1437 360 doctrinam
1469 329 1490 357 e

122 392 282 434 Tabula
304 393 488 433 redolere
511 392 830 442 arbitrarentur,
853 392 1064 433 Socratico
1089 391 1230 433 Cebeti
1262 405 1351 432 eam
1375 392 1492 432 abro-

123 471 338 517 gaverunt.
401 466 529 507 Primi
566 466 673 506 hanc
711 467 751 505 111
795 467 1043 507 sententiam
1085 470 1365 518 exposuerunt
1396 465 1494 505 Hie-

123 552 320 593 ronymus
354 540 525 581 Wolfius
558 540 710 590 aliique
750 539 827 579 viri
865 540 973 580 docti
1012 540 1215 590 nonnulli,
1255 551 1357 592 quos
1397 552 1495 580 enu-

125 619 257 655 merat
278 614 509 655 Feurlinus.
566 614 756 654 Pluribus
787 614 934 654 deinde
967 615 1109 655 cadem
1142 615 1219 655 sibi
1243 614 1371 654 videri
1402 626 1495 665 pro-

125 688 259 729 fessus
292 692 355 728 est
378 688 623 728 Meinersius
648 688 811 738 (comm.
836 700 915 728 soc.
942 689 1129 739 Gotting.
1158 687 1301 740 1782):
1325 687 1496 737 Zenoni,

126 774 208 803 non
240 761 402 802 Socrati
437 762 658 803 convenire
690 761 884 802 iudicium
919 775 952 803 6.
990 767 1039 804 13
1072 763 1122 804 de
1155 763 1307 814 poetis,
1348 762 1498 802 dialec-

127 837 234 886 ticis,
267 836 416 877 ceteris
448 836 624 886 factun13
664 835 845 876 Stoicum
884 849 974 877 esse
1008 836 1249 877 vocabulum
1289 835 1397 888 quod
1437 838 1500 875 est

130 906 253 959 δόξαι
291 922 364 961 pro
396 909 511 950 falsis
544 910 758 960 quibusvis
787 910 1049 961 opinionibus
1079 911 1322 951 adhibitum.
1375 909 1501 949 ›Scha—

129 983 252 1024 berus
276 983 373 1024 item
396 982 575 1024 Stoicam
599 983 830 1023 doctrinam
854 985 942 1024 vult
965 985 1169 1036 placuisse
1192 984 1376 1025 Tabulae
1405 995 1500 1023 auc-

130 1057 231 1105 tori,
270 1057 385 1097 cuius
419 1061 599 1097 aetatem
633 1059 944 1109 angustioribus
976 1057 1127 1099 finibus
1161 1059 1300 1100 studet
1331 1058 1504 1098 circum—

131 1132 324 1173 scribere.
393 1131 528 1182 Atque
569 1134 666 1171 ante
710 1132 890 1173 inedium
927 1133 1097 1174 tertium
1137 1146 1173 1173 a.
1209 1132 1304 1174 Chr.
1338 1145 1378 1172 n.
1411 1144 1502 1173 sae-

132 1206 267 1246 culum
300 1205 502 1246 Tabulam
540 1205 769 1246 confectam
808 1220 896 1247 esse
928 1219 977 1247 ex
1015 1219 1062 1248 eo
1102 1207 1376 1258 colligendum
1414 1218 1505 1246 esse

132 1279 362 1329 existimat,
402 1279 508 1330 quod
552 1283 696 1320 auctor
733 1280 965 1322 eruditione
1003 1294 1051 1322 ac
1090 1281 1243 1322 litteris
1281 1293 1383 1332 opus
1424 1293 1506 1321 non

132 1366 223 1396 esse
266 1353 538 1394 contenderit.
615 1354 733 1394 Hanc
779 1355 886 1394 6111111
934 1356 1186 1396 sententiam
1230 1354 1358 1396 fuisse
1400 1355 1508 1395 anti-

133 1428 324 1480 quiorum
368 1427 621 1477 Stoicorum,
666 1440 768 1480 quos
810 1440 950 1469 omnes
998 1429 1037 1469 id
1086 1430 1225 1481 potius
1264 1431 1420 1480 egisse,
1464 1432 1508 1469 ut

134 1503 424 1556 praeciperent
455 1502 505 1542 116
536 1501 623 1542 vita
654 1507 766 1543 recte
798 1503 1067 1554 instituenda,
1100 1515 1224 1554 quam
1257 1507 1303 1543 ut
1334 1506 1509 1543 naturae

136 1577 396 1628 rationisque
452 1576 660 1617 humanae
712 1576 824 1627 leges
875 1577 1153 1629 exquirerent.
1233 1575 1509 1627 Drosihnus¹)

137 1656 285 1694 contra
323 1651 373 1692 ob
407 1650 581 1692 eandem
619 1662 730 1700 rein,
771 1650 880 1702 quod
919 1651 1023 1691 bene
1055 1651 1216 1691 vivendi
1249 1651 1510 1703 disciplinam

138 1725 204 1766 hic
243 1725 349 1766 liber
390 1725 520 1765 tradit
563 1729 687 1775 atque
730 1724 770 1764 id
815 1725 1128 1766 accommodate
1169 1724 1220 1765 ad
1253 1737 1511 1766 communem

138 1799 487 1851 intellegentiam,
531 1798 567 1838 ei
609 1798 786 1850 tempori
826 1811 915 1839 eum
949 1799 1157 1851 assignat,
1199 1811 1280 1851 quo
1316 1798 1512 1850 „Graecis

139 1874 289 1924 verbis,
314 1873 513 1914 Romanis
536 1872 743 1913 moribus“
781 1877 1028 1914 consuerant
1048 1872 1333 1925 philosophari
1358 1895 1407 1900 -
1431 1872 1515 1923 pri-

141 2057 243 2092 facile
268 2057 329 2090 tibi
355 2057 594 2100 persuadebis,
618 2057 646 2090 si
666 2057 927 2100 comparaveris
945 2057 1032 2091 Tab.
1060 2059 1125 2101 2‚2
1152 2068 1191 2101 sq
1211 2069 1218 2091 ε
1247 2053 1518 2100 Πυθαγόρειόν

141 2127 226 2148 τινα
251 2113 315 2148 καὶ
334 2115 610 2158 Παρμενίδειον
630 2111 820 2158 ἐζηλωκὼς
838 2116 932 2159 βίον.
948 2141 955 2149 .
972 2143 978 2149 .
995 2142 1001 2150 .
1030 2115 1103 2149 Καὶ
1130 2111 1332 2159 ἐθαύμασα
1359 2128 1411 2159 γε,
1432 2112 1518 2158 ἔφη,

147 2166 266 2205 αὐτὸν
291 2168 541 2214 πολυχρόνιον
568 2171 636 2214 (sic
660 2173 750 2205 6111111
778 2172 1000 2206 scribendum
1019 2183 1095 2206 esse
1120 2173 1281 2207 existimo
1308 2183 1385 2206 cuni
1411 2172 1520 2215 Saup-

146 2229 224 2272 peio
250 2228 272 2261 1.
300 2228 324 2262 1.
349 2239 383 2271 p.
410 2230 476 2262 772
502 2233 536 2262 et
554 2229 726 2262 Mnellero
753 2228 773 2261 l.
801 2228 822 2263 1.
849 2240 882 2271 p.
900 2231 957 2272 61)
983 2225 1165 2271 νεώτερος
1191 2224 1242 2262 ὤν
1266 2240 1342 2263 cnm
1362 2229 1521 2262 Platonis

145 2296 218 2329 rep.
255 2286 383 2320 600b.:
421 2285 485 2319 καὶ
523 2284 562 2319 οἵ
594 2280 744 2329 ὕστεροι
779 2283 832 2319 ἔτι
869 2285 932 2319 καὶ
968 2286 1038 2319 νῦν
1076 2282 1345 2329 Πυθαγόρειον
1381 2283 1522 2328 τρόπον

147 2339 446 2386 ἐπονομάζοντες
462 2343 528 2376 τοῦ
545 2343 630 2387 βίον
649 2343 850 2386 διαφανεῖς
867 2355 917 2386 πῃ
937 2343 1114 2376 δοκοῦσιν
1129 2340 1227 2376 εἶναι
1242 2339 1282 2375 ἐν
1295 2346 1373 2381 τοῖς
1386 2338 1522 2384 ἄλλοις,

147 2400 293 2434 Theaet.
333 2401 442 2433 1830:
494 2400 736 2443 Παρμενίδης
774 2397 815 2432 δέ
853 2411 916 2443 μοι
958 2400 1134 2442 φαίνεται
1170 2395 1210 2432 τὸ
1248 2400 1315 2433 τοῦ
1349 2394 1523 2443 Ὁμήρου,

148 2452 294 2494 αἰδοῖός
330 2454 369 2489 τέ
403 2468 467 2499 μοι
492 2450 568 2500 ἅμα
607 2452 732 2495 δεινός
764 2467 829 2490 τε·
856 2453 1131 2500 συμπροσὲμιξα
1158 2452 1227 2499 γὰρ
1261 2452 1306 2499 δὴ
1333 2456 1381 2502 τῷ
1417 2450 1524 2498 ἀνδρὶ

148 2509 250 2547 πάνυ
277 2511 363 2552 νέος
389 2510 490 2547 πάνυ
517 2510 723 2559 πρεσβύτῃ.
750 2514 856 2557 Soph.
881 2516 996 2548 217c:
1038 2515 1324 2557 Παρμενίδῃ...
1349 2510 1526 2556 διεξιόντι

149 2566 284 2613 λόγους
300 2567 516 2613 παγκάλους
533 2567 796 2615 παρεγενόμην
816 2567 885 2614 ἐγὼ
905 2568 991 2609 νέος
1010 2565 1072 2612 ὧν,
1092 2566 1240 2604 ἐκείνου
1259 2566 1357 2614 μάλα
1376 2567 1421 2614 δὴ
1440 2566 1524 2604 τότε

151 2623 261 2667 ὄντος
287 2624 517 2672 πρεσβύτου;
544 2629 600 2662 vix
626 2629 721 2663 dices
747 2639 829 2662 casu
856 2629 949 2662 hunc
974 2638 1179 2662 consensum
1206 2628 1369 2661 effectum
1395 2638 1480 2662 esse.

268 2706 300 2751 ¹)
327 2707 393 2741 Die
419 2708 497 2742 Zeit
522 2708 579 2742 des
604 2709 726 2749 Πίναξ
752 2705 921 2752 Κέβητος
946 2719 979 2752 p.
1009 2711 1059 2741 12,

1217 2772 1239 2809 3
