1888 3170
848 184 1127 222 „60-

302 299 484 336 terarum
518 293 644 335 studii
676 294 923 345 aestimatio,
956 307 1036 347 qua
1067 307 1140 348 per
1161 308 1205 337 se
1234 297 1367 348 ipsum
1389 296 1556 348 quidem
1588 309 1671 339 non

302 373 366 409 est
398 368 685 420 appetendum,
717 372 899 410 attamen
926 381 1016 410 eam
1048 369 1098 410 ob
1120 382 1288 412 causam
1311 382 1390 410 non
1414 375 1528 412 caret
1557 371 1669 412 111111-

301 446 389 484 tate
421 442 612 494 quadam,
645 443 753 495 quod
784 448 1007 495 praeparat
1027 445 1186 486 animos
1217 445 1267 485 ad
1289 445 1536 497 sapientiam
1566 445 1670 486 acci-

301 516 506 568 piendam,
541 515 723 558 Socratis
748 517 911 558 ratione
941 517 1258 570 philosophandi
1279 519 1403 569 plane
1425 523 1489 560 est
1519 519 1668 559 aliena.

301 589 455 631 Similis
495 591 697 642 quaedam
740 592 802 632 vis
843 604 866 632 a
908 592 1121 643 Platone1)
1161 593 1399 634 litterarum
1445 593 1668 634 eruditioni

300 664 563 715 attribuitur,
610 665 683 706 sed
727 677 779 706 ne
821 666 931 717 apud
970 665 1079 707 hunc
1108 667 1274 719 quidem
1306 667 1668 708 ratiocinationem

298 738 410 779 illam
442 739 616 789 invenis,
650 752 731 791 qua
761 739 975 781 scientiam
1006 740 1240 782 litterarum
1281 741 1390 781 illam
1428 741 1595 793 quidem
1626 742 1669 783 in

299 812 418 854 bonis
449 825 531 854 non
563 825 667 865 esse,
699 826 832 866 neque
863 819 1000 855 tamen
1022 814 1212 856 inutilem
1235 827 1325 857 esse
1348 816 1667 857 demonstretur.

298 886 413 928 Haec
443 889 561 928 unice
606 900 627 928 e
668 887 900 930 Stoicorum
943 890 1150 931 sententia
1193 894 1255 931 est
1295 890 1553 942 explicanda,
1599 891 1669 942 qui

299 973 423 1002 unum
454 962 606 1003 bonum
639 975 731 1006 esse
762 964 990 1015 voluerint,
1021 965 1236 1015 virtutem,
1270 977 1402 1016 neque
1433 969 1572 1006 tamen
1603 964 1667 1007 fa-

297 1047 387 1076 cere
416 1038 647 1089 potuerint,
690 1039 788 1090 quin
833 1039 936 1080 alias
977 1051 1138 1092 quoque
1181 1051 1246 1080 res
1277 1040 1459 1080 utilitate.
1493 1039 1667 1091 quadam

297 1121 385 1151 esse
415 1111 696 1153 concederent.
759 1113 814 1154 Et
845 1113 1030 1165 profecto
1062 1113 1222 1155 Stoicos
1253 1114 1544 1155 convenienter
1576 1126 1665 1155 cum

297 1183 478 1225 Tabulae
510 1191 677 1228 auctore
710 1187 759 1229 de
799 1188 958 1229 artibus
998 1189 1198 1239 sensisse,
1241 1201 1332 1229 cum
1365 1201 1413 1230 ea
1444 1189 1666 1239 declarant,

295 1271 400 1311 quae
431 1272 453 1300 e
483 1260 661 1303 Senecae
692 1274 754 1314 ep.
789 1266 841 1303 88
875 1275 999 1314 supra
1036 1263 1346 1314 exscripsimus,
1381 1268 1467 1304 tum
1500 1263 1666 1315 Didymi

294 1335 406 1376 locus
449 1348 473 1376 a
513 1336 735 1377 Mullachio
769 1338 809 1378 11
843 1341 894 1378 67
939 1337 1106 1379 allatus:
1162 1340 1460 1391 φιλομουσίαν
1505 1335 1552 1378 δὲ
1594 1336 1666 1378 καὶ

294 1412 676 1463 φιλογραμματίαν
693 1443 700 1452 .
718 1444 726 1453 .
750 1410 821 1452 καὶ
843 1409 1042 1453 καθόλου
1064 1408 1138 1461 τὰς
1161 1412 1416 1466 ἐγκυκλίους
1430 1411 1666 1466 λεγομένας

293 1481 444 1536 τέχνας
475 1483 791 1539 ἐπιτηδεύματα
823 1485 902 1539 μὲν
933 1489 1164 1539 καλοῦσιν,
1205 1485 1438 1542 ἐπιστήμας
1476 1483 1586 1539 δὀὔ,
1618 1488 1666 1528 ἒν

293 1572 337 1597 τε
357 1566 450 1607 ταῖς
482 1561 741 1610 σπουδαίαις
762 1561 871 1611 ἕξεσι
902 1564 1038 1602 ταῦτα
1069 1564 1401 1614 καταριθμοῦσι.
1466 1563 1514 1602 111
1546 1573 1665 1614 prae-

292 1632 439 1682 positis
462 1634 599 1686 rebus,
633 1647 734 1687 quas
765 1634 1019 1689 προηγμένα
1043 1636 1169 1678 Stoici
1201 1637 1407 1688 dixerunt,
1439 1636 1542 1688 ipsis
1573 1648 1665 1676 ver-

291 1705 356 1746 bis
387 1718 482 1747 raro
525 1708 690 1750 invenio
732 1714 843 1751 artes
884 1715 1121 1752 numeratas
1154 1709 1226 1765 (ef.
1260 1711 1380 1762 Diog.
1414 1711 1550 1752 Laert.
1584 1711 1664 1752 VII

297 1783 394 1822 106:
445 1781 700 1836 προηγμένα
744 1782 823 1836 μὲν
867 1776 949 1826 οὖν
981 1781 1093 1826 εἶναι
1118 1818 1124 1824 .
1148 1816 1157 1825 .
1184 1817 1192 1826 .
1225 1783 1426 1839 τέχνην),
1470 1785 1540 1826 sed
1572 1785 1664 1826 aliis

291 1854 427 1895 verbis
459 1855 566 1897 idem
599 1858 856 1909 exprimitur,
891 1870 982 1899 cum
1014 1858 1127 1900 Stob.
1162 1860 1232 1900 ecl.
1275 1863 1350 1901 173
1383 1872 1420 1911 p.
1451 1863 1503 1900 42
1536 1859 1660 1900 Mein.

292 1936 664 1972 commemorantur
680 1931 824 1986 τέχναι
847 1929 945 1975 ὅσαι
963 1930 1177 1975 δύνανται.
1195 1942 1426 1988 συνεργεῖν
1443 1933 1663 1975 ἐπιπλεῖον

290 2000 399 2056 πρὸς
437 2001 515 2046 τὸν
558 2002 665 2047 κατὰ
707 2004 845 2060 φύσιν
890 2009 1000 2060 βίον,
1065 2009 1159 2050 Non
1198 2009 1477 2050 necessariam
1509 2009 1662 2050 artium

293 2079 568 2122 eruditionem
601 2093 625 2122 a
657 2081 808 2123 Stoicis
847 2087 1034 2135 putatam
1076 2095 1164 2125 esse
1205 2085 1324 2125 testis
1369 2089 1430 2125 est
1462 2084 1662 2136 Didymus

291 2153 425 2204 (Mull.
458 2155 500 2196 II
546 2168 584 2207 p.
619 2153 715 2208 693:
762 2151 979 2210 ἀναγκαῖα
1022 2154 1101 2208 μὲν
1143 2153 1218 2206 τὰς
1259 2152 1414 2211 ἀρετὰς
1444 2155 1615 2207 πάσας.
1651 2190 1659 2199 .

291 2222 372 2269 οὐκ
403 2222 620 2282 ἀναγκαῖα
653 2228 700 2271 δὲ
723 2263 731 2270 .
755 2263 763 2271 .
789 2263 796 2270 .
830 2226 882 2272 τὰ
914 2228 1244 2285 ἐπιτηδεύματα.

406 2303 561 2353 Quodsi
584 2304 746 2346 Stoicae
770 2305 952 2347 familiae
975 2306 1157 2348 Tabulae
1180 2310 1324 2348 auctor
1345 2312 1435 2348 erat
1456 2308 1660 2358 addictus,

294 2388 470 2428 quanam
510 2384 650 2420 aetate
691 2392 784 2421 euni
822 2379 949 2422 fuisse
986 2382 1242 2422 statuemus?
1301 2381 1533 2422 Schaberus
1565 2386 1662 2423 ante

290 2450 467 2492 medium
499 2453 668 2494 tertium
702 2466 737 2495 a.
773 2455 867 2496 Chr.
901 2467 940 2496 n.
974 2455 1180 2496 saeculum
1212 2456 1300 2496 vult
1332 2455 1525 2497 Pinacem
1562 2468 1659 2497 con-

404 2566 432 2610 1)
459 2567 509 2600 De
521 2577 592 2611 rep.
609 2568 675 2602 VII
690 2570 754 2602 536
766 2568 801 2602 d:
817 2565 862 2603 τὰ
877 2567 944 2613 μὲν
958 2570 1086 2603 τοίνυν
1101 2569 1283 2613 λογισμῶν
1298 2581 1335 2604 τε
1350 2569 1413 2603 καὶ
1428 2571 1659 2614 γεωμετριῶν

288 2621 352 2655 καὶ
384 2619 506 2667 πάσης
539 2625 604 2668 τῆς
637 2626 886 2669 προπαιδείας
920 2620 966 2670 ἢν
999 2627 1064 2670 τῆς
1089 2627 1322 2671 διαλεκτικῆς
1346 2628 1411 2661 δεῖ
1428 2628 1658 2670 προπαιδευ-

287 2680 418 2723 θῆναι,
443 2680 570 2715 παισὶν
595 2675 678 2716 οὖσι
703 2679 770 2726 χρὴ
796 2679 1028 2728 προβάλλειν.
