<?xml version="1.0" encoding="UTF-8"?>
<!DOCTYPE html PUBLIC "-//W3C//DTD XHTML 1.0 Transitional//EN"
    "http://www.w3.org/TR/xhtml1/DTD/xhtml1-transitional.dtd">
<html xmlns="http://www.w3.org/1999/xhtml" xml:lang="en" lang="en">
 <head>
  <title>
</title>
<meta http-equiv="Content-Type" content="text/html;charset=utf-8" />
  <meta name='ocr-system' content='tesseract 3.04.00' />
  <meta name='ocr-capabilities' content='ocr_page ocr_carea ocr_par ocr_line ocrx_word'/>
</head>
<body>
  <div class='ocr_page' id='page_1' title='image "./cebetistabulaqua00praeuoft_0074.png"; bbox 0 0 1888 3170; ppageno 0'>
   <div class='ocr_carea' id='block_1_1' title="bbox 357 321 1739 2746">
    <p class='ocr_par' dir='ltr' id='par_1_1' title="bbox 357 321 1739 2746">
     <span class='ocr_line' id='line_1_1' title="bbox 373 321 1738 371; baseline 0 -7"><span class='ocrx_word' id='word_1_1' title='bbox 373 327 415 364; x_wconf 86' lang='lat' dir='ltr'>et</span> <span class='ocrx_word' id='word_1_2' title='bbox 445 321 775 363; x_wconf 85' lang='lat' dir='ltr'>momentanea“.</span> <span class='ocrx_word' id='word_1_3' title='bbox 827 321 1011 371; x_wconf 87' lang='lat' dir='ltr'>Quorum</span> <span class='ocrx_word' id='word_1_4' title='bbox 1042 324 1197 364; x_wconf 91' lang='lat' dir='ltr'>nemini</span> <span class='ocrx_word' id='word_1_5' title='bbox 1224 323 1439 364; x_wconf 87' lang='lat' dir='ltr'>assentior.</span> <span class='ocrx_word' id='word_1_6' title='bbox 1490 323 1738 365; x_wconf 86' lang='lat' dir='ltr'>Meinersius</span> 
     </span>
     <span class='ocr_line' id='line_1_2' title="bbox 372 395 1738 448; baseline -0.001 -11"><span class='ocrx_word' id='word_1_7' title='bbox 372 397 482 437; x_wconf 89' lang='lat' dir='ltr'>enim</span> <span class='ocrx_word' id='word_1_8' title='bbox 513 407 582 437; x_wconf 89' lang='lat' dir='ltr'>eos</span> <span class='ocrx_word' id='word_1_9' title='bbox 606 396 714 436; x_wconf 91' lang='lat' dir='ltr'>locos</span> <span class='ocrx_word' id='word_1_10' title='bbox 734 395 930 446; x_wconf 80' lang='lat' dir='ltr'>neglexit,</span> <span class='ocrx_word' id='word_1_11' title='bbox 963 396 1112 447; x_wconf 91' lang='lat' dir='ltr'>quibus</span> <span class='ocrx_word' id='word_1_12' title='bbox 1138 397 1365 448; x_wconf 88' lang='lat' dir='ltr'>Opiniones</span> <span class='ocrx_word' id='word_1_13' title='bbox 1388 397 1439 437; x_wconf 92' lang='lat' dir='ltr'>ad</span> <span class='ocrx_word' id='word_1_14' title='bbox 1470 397 1643 438; x_wconf 87' lang='lat' dir='ltr'>salutem</span> <span class='ocrx_word' id='word_1_15' title='bbox 1666 397 1738 437; x_wconf 89' lang='lat' dir='ltr'>du-</span> 
     </span>
     <span class='ocr_line' id='line_1_3' title="bbox 371 469 1739 523; baseline -0.001 -11"><span class='ocrx_word' id='word_1_16' title='bbox 371 474 510 512; x_wconf 80' lang='lat' dir='ltr'>centes</span> <span class='ocrx_word' id='word_1_17' title='bbox 541 474 914 511; x_wconf 80' lang='lat' dir='ltr'>commemorantur</span> <span class='ocrx_word' id='word_1_18' title='bbox 945 469 1050 521; x_wconf 87' lang='lat'>(6,2;</span> <span class='ocrx_word' id='word_1_19' title='bbox 1077 471 1189 523; x_wconf 87' lang='lat'>11,1)</span> <span class='ocrx_word' id='word_1_20' title='bbox 1220 471 1454 522; x_wconf 77' lang='lat' dir='ltr'>hilaresque</span> <span class='ocrx_word' id='word_1_21' title='bbox 1487 475 1528 511; x_wconf 89' lang='lat' dir='ltr'>et</span> <span class='ocrx_word' id='word_1_22' title='bbox 1556 471 1739 511; x_wconf 87' lang='lat' dir='ltr'>ridentes</span> 
     </span>
     <span class='ocr_line' id='line_1_4' title="bbox 371 543 1739 597; baseline -0.001 -12"><span class='ocrx_word' id='word_1_23' title='bbox 371 556 442 585; x_wconf 89' lang='lat' dir='ltr'>eae</span> <span class='ocrx_word' id='word_1_24' title='bbox 475 544 701 595; x_wconf 92' lang='lat' dir='ltr'>Opiniones</span> <span class='ocrx_word' id='word_1_25' title='bbox 732 543 1039 595; x_wconf 80' lang='lat' dir='ltr'>praedicantur,</span> <span class='ocrx_word' id='word_1_26' title='bbox 1073 557 1176 597; x_wconf 90' lang='lat' dir='ltr'>quae</span> <span class='ocrx_word' id='word_1_27' title='bbox 1207 544 1258 585; x_wconf 90' lang='lat' dir='ltr'>ad</span> <span class='ocrx_word' id='word_1_28' title='bbox 1288 556 1428 585; x_wconf 83' lang='lat' dir='ltr'>veram</span> <span class='ocrx_word' id='word_1_29' title='bbox 1465 544 1739 585; x_wconf 90' lang='lat' dir='ltr'>eruditionem</span> 
     </span>
     <span class='ocr_line' id='line_1_5' title="bbox 370 617 1739 671; baseline -0.002 -11"><span class='ocrx_word' id='word_1_30' title='bbox 370 618 558 660; x_wconf 88' lang='lat' dir='ltr'>homines</span> <span class='ocrx_word' id='word_1_31' title='bbox 574 619 856 669; x_wconf 84' lang='lat' dir='ltr'>perduxerunt</span> <span class='ocrx_word' id='word_1_32' title='bbox 873 617 1026 671; x_wconf 83' lang='lat'>(29,1).</span> <span class='ocrx_word' id='word_1_33' title='bbox 1078 618 1237 668; x_wconf 82' lang='lat' dir='ltr'>Quibus</span> <span class='ocrx_word' id='word_1_34' title='bbox 1255 619 1355 660; x_wconf 88' lang='lat' dir='ltr'>locis</span> <span class='ocrx_word' id='word_1_35' title='bbox 1378 619 1486 659; x_wconf 88' lang='lat' dir='ltr'>clare</span> <span class='ocrx_word' id='word_1_36' title='bbox 1507 618 1739 659; x_wconf 85' lang='lat' dir='ltr'>ostenditur</span> 
     </span>
     <span class='ocr_line' id='line_1_6' title="bbox 367 691 1736 744; baseline -0.001 -11"><span class='ocrx_word' id='word_1_37' title='bbox 367 705 451 733; x_wconf 88' lang='lat' dir='ltr'>non</span> <span class='ocrx_word' id='word_1_38' title='bbox 493 693 636 743; x_wconf 91' lang='lat' dir='ltr'>utique</span> <span class='ocrx_word' id='word_1_39' title='bbox 673 692 797 733; x_wconf 86' lang='lat' dir='ltr'>falsas</span> <span class='ocrx_word' id='word_1_40' title='bbox 835 693 1050 744; x_wconf 87' lang='lat' dir='ltr'>opiniones</span> <span class='ocrx_word' id='word_1_41' title='bbox 1089 706 1113 733; x_wconf 85' lang='lat' dir='ltr'>a</span> <span class='ocrx_word' id='word_1_42' title='bbox 1156 691 1307 733; x_wconf 88' lang='lat' dir='ltr'>Cebete</span> <span class='ocrx_word' id='word_1_43' title='bbox 1344 703 1434 732; x_wconf 87' lang='lat' dir='ltr'>esse</span> <span class='ocrx_word' id='word_1_44' title='bbox 1467 693 1736 733; x_wconf 78' lang='lat' dir='ltr'>existimatas.</span> 
     </span>
     <span class='ocr_line' id='line_1_7' title="bbox 369 765 1736 818; baseline -0.002 -10"><span class='ocrx_word' id='word_1_45' title='bbox 369 766 575 808; x_wconf 83' lang='lat' dir='ltr'>Jerramio</span> <span class='ocrx_word' id='word_1_46' title='bbox 599 765 745 807; x_wconf 89' lang='lat' dir='ltr'>deinde</span> <span class='ocrx_word' id='word_1_47' title='bbox 775 766 1018 818; x_wconf 75' lang='lat' dir='ltr'>respondeo,</span> <span class='ocrx_word' id='word_1_48' title='bbox 1050 779 1148 807; x_wconf 88' lang='lat' dir='ltr'>num</span> <span class='ocrx_word' id='word_1_49' title='bbox 1179 766 1269 818; x_wconf 85' lang='lat' dir='ltr'>ipse</span> <span class='ocrx_word' id='word_1_50' title='bbox 1292 765 1482 807; x_wconf 83' lang='lat' dir='ltr'>Socrates</span> <span class='ocrx_word' id='word_1_51' title='bbox 1503 766 1736 818; x_wconf 90' lang='lat' dir='ltr'>opinionem</span> 
     </span>
     <span class='ocr_line' id='line_1_8' title="bbox 369 840 1738 893; baseline -0.001 -12"><span class='ocrx_word' id='word_1_52' title='bbox 369 844 410 881; x_wconf 86' lang='lat' dir='ltr'>et</span> <span class='ocrx_word' id='word_1_53' title='bbox 439 840 652 881; x_wconf 88' lang='lat' dir='ltr'>scientiam</span> <span class='ocrx_word' id='word_1_54' title='bbox 676 840 924 892; x_wconf 78' lang='lat' dir='ltr'>distinxerit,</span> <span class='ocrx_word' id='word_1_55' title='bbox 956 841 1275 893; x_wconf 84' lang='lat' dir='ltr'>haudquaquam</span> <span class='ocrx_word' id='word_1_56' title='bbox 1304 853 1376 892; x_wconf 89' lang='lat' dir='ltr'>pro</span> <span class='ocrx_word' id='word_1_57' title='bbox 1405 840 1619 891; x_wconf 79' lang='lat' dir='ltr'>explorato</span> <span class='ocrx_word' id='word_1_58' title='bbox 1649 850 1738 879; x_wconf 85' lang='lat' dir='ltr'>esse</span> 
     </span>
     <span class='ocr_line' id='line_1_9' title="bbox 366 913 1737 957; baseline -0.001 -3"><span class='ocrx_word' id='word_1_59' title='bbox 366 913 614 955; x_wconf 86' lang='lat' dir='ltr'>habendum.</span> <span class='ocrx_word' id='word_1_60' title='bbox 677 915 793 956; x_wconf 88' lang='lat' dir='ltr'>Inter</span> <span class='ocrx_word' id='word_1_61' title='bbox 823 915 1038 956; x_wconf 85' lang='lat' dir='ltr'>Platonem</span> <span class='ocrx_word' id='word_1_62' title='bbox 1069 920 1206 957; x_wconf 84' lang='lat' dir='ltr'>autem</span> <span class='ocrx_word' id='word_1_63' title='bbox 1238 920 1279 956; x_wconf 91' lang='lat' dir='ltr'>et</span> <span class='ocrx_word' id='word_1_64' title='bbox 1313 914 1500 955; x_wconf 86' lang='lat' dir='ltr'>Tabulae</span> <span class='ocrx_word' id='word_1_65' title='bbox 1528 916 1737 954; x_wconf 86' lang='lat' dir='ltr'>auctorem</span> 
     </span>
     <span class='ocr_line' id='line_1_10' title="bbox 365 987 1737 1041; baseline 0.001 -14"><span class='ocrx_word' id='word_1_66' title='bbox 365 987 441 1028; x_wconf 92' lang='lat' dir='ltr'>hoc</span> <span class='ocrx_word' id='word_1_67' title='bbox 472 989 659 1039; x_wconf 88' lang='lat' dir='ltr'>interest,</span> <span class='ocrx_word' id='word_1_68' title='bbox 692 989 799 1040; x_wconf 85' lang='lat' dir='ltr'>quod</span> <span class='ocrx_word' id='word_1_69' title='bbox 829 990 899 1030; x_wconf 92' lang='lat' dir='ltr'>ille</span> <span class='ocrx_word' id='word_1_70' title='bbox 931 1001 1131 1041; x_wconf 87' lang='lat' dir='ltr'>nusquam</span> <span class='ocrx_word' id='word_1_71' title='bbox 1163 988 1377 1030; x_wconf 86' lang='lat' dir='ltr'>contendit</span> <span class='ocrx_word' id='word_1_72' title='bbox 1398 988 1449 1028; x_wconf 88' lang='lat' dir='ltr'>ab</span> <span class='ocrx_word' id='word_1_73' title='bbox 1472 988 1737 1040; x_wconf 87' lang='lat' dir='ltr'>opinionibus</span> 
     </span>
     <span class='ocr_line' id='line_1_11' title="bbox 366 1062 1735 1114; baseline -0.001 -12"><span class='ocrx_word' id='word_1_74' title='bbox 366 1065 407 1102; x_wconf 86' lang='lat' dir='ltr'>et</span> <span class='ocrx_word' id='word_1_75' title='bbox 446 1063 569 1104; x_wconf 85' lang='lat' dir='ltr'>rectis</span> <span class='ocrx_word' id='word_1_76' title='bbox 609 1066 652 1103; x_wconf 89' lang='lat' dir='ltr'>et</span> <span class='ocrx_word' id='word_1_77' title='bbox 687 1062 803 1104; x_wconf 85' lang='lat' dir='ltr'>falsis</span> <span class='ocrx_word' id='word_1_78' title='bbox 844 1064 1074 1114; x_wconf 87' lang='lat' dir='ltr'>sapientem</span> <span class='ocrx_word' id='word_1_79' title='bbox 1106 1064 1256 1104; x_wconf 88' lang='lat' dir='ltr'>debere</span> <span class='ocrx_word' id='word_1_80' title='bbox 1286 1063 1463 1103; x_wconf 89' lang='lat' dir='ltr'>liberum</span> <span class='ocrx_word' id='word_1_81' title='bbox 1494 1073 1604 1111; x_wconf 87' lang='lat' dir='ltr'>esse,</span> <span class='ocrx_word' id='word_1_82' title='bbox 1645 1073 1735 1101; x_wconf 90' lang='lat' dir='ltr'>cum</span> 
     </span>
     <span class='ocr_line' id='line_1_12' title="bbox 368 1136 1735 1189; baseline -0.001 -13"><span class='ocrx_word' id='word_1_83' title='bbox 368 1140 590 1188; x_wconf 89' lang='lat' dir='ltr'>utrumque</span> <span class='ocrx_word' id='word_1_84' title='bbox 611 1149 741 1188; x_wconf 84' lang='lat' dir='ltr'>genus</span> <span class='ocrx_word' id='word_1_85' title='bbox 761 1137 1002 1189; x_wconf 86' lang='lat' dir='ltr'>opinionum</span> <span class='ocrx_word' id='word_1_86' title='bbox 1032 1137 1328 1189; x_wconf 88' lang='lat' dir='ltr'>impedimento</span> <span class='ocrx_word' id='word_1_87' title='bbox 1359 1137 1413 1177; x_wconf 87' lang='lat' dir='ltr'>sit</span> <span class='ocrx_word' id='word_1_88' title='bbox 1443 1148 1495 1177; x_wconf 90' lang='lat' dir='ltr'>ne</span> <span class='ocrx_word' id='word_1_89' title='bbox 1526 1136 1576 1176; x_wconf 90' lang='lat' dir='ltr'>ad</span> <span class='ocrx_word' id='word_1_90' title='bbox 1597 1147 1735 1175; x_wconf 79' lang='lat' dir='ltr'>veram</span> 
     </span>
     <span class='ocr_line' id='line_1_13' title="bbox 364 1211 1734 1253; baseline -0.002 -2"><span class='ocrx_word' id='word_1_91' title='bbox 364 1211 638 1252; x_wconf 87' lang='lat' dir='ltr'>eruditionem</span> <span class='ocrx_word' id='word_1_92' title='bbox 670 1211 923 1252; x_wconf 82' lang='lat' dir='ltr'>accedamus.</span> <span class='ocrx_word' id='word_1_93' title='bbox 984 1212 1101 1252; x_wconf 89' lang='lat' dir='ltr'>Hanc</span> <span class='ocrx_word' id='word_1_94' title='bbox 1132 1217 1269 1252; x_wconf 86' lang='lat' dir='ltr'>autem</span> <span class='ocrx_word' id='word_1_95' title='bbox 1303 1211 1469 1253; x_wconf 86' lang='lat' dir='ltr'>Cebetis</span> <span class='ocrx_word' id='word_1_96' title='bbox 1512 1221 1602 1251; x_wconf 87' lang='lat' dir='ltr'>esse</span> <span class='ocrx_word' id='word_1_97' title='bbox 1641 1221 1734 1250; x_wconf 88' lang='lat' dir='ltr'>sen-</span> 
     </span>
     <span class='ocr_line' id='line_1_14' title="bbox 363 1278 1734 1339; baseline 0 -15"><span class='ocrx_word' id='word_1_98' title='bbox 363 1285 538 1325; x_wconf 84' lang='lat' dir='ltr'>tentiam</span> <span class='ocrx_word' id='word_1_99' title='bbox 569 1285 612 1325; x_wconf 91' lang='lat' dir='ltr'>hi</span> <span class='ocrx_word' id='word_1_100' title='bbox 648 1286 726 1326; x_wconf 90' lang='lat' dir='ltr'>loci</span> <span class='ocrx_word' id='word_1_101' title='bbox 762 1284 991 1326; x_wconf 84' lang='lat' dir='ltr'>declarant:</span> <span class='ocrx_word' id='word_1_102' title='bbox 1032 1289 1145 1336; x_wconf 84' lang='lat'>14,3:</span> <span class='ocrx_word' id='word_1_103' title='bbox 1180 1280 1233 1326; x_wconf 84' lang='grc' dir='ltr'>οὐ</span> <span class='ocrx_word' id='word_1_104' title='bbox 1264 1281 1320 1339; x_wconf 87' lang='grc' dir='ltr'>μὴ</span> <span class='ocrx_word' id='word_1_105' title='bbox 1355 1280 1523 1336; x_wconf 78' lang='grc' dir='ltr'><em>ἀπέλθῃ</em></span> <span class='ocrx_word' id='word_1_106' title='bbox 1555 1279 1623 1325; x_wconf 75' lang='grc' dir='ltr'>ἀπ’</span> <span class='ocrx_word' id='word_1_107' title='bbox 1658 1278 1734 1324; x_wconf 84' lang='grc' dir='ltr'>αὐ-</span> 
     </span>
     <span class='ocr_line' id='line_1_15' title="bbox 362 1353 1734 1413; baseline -0.001 -14"><span class='ocrx_word' id='word_1_108' title='bbox 362 1359 452 1399; x_wconf 80' lang='grc' dir='ltr'>τῶν</span> <span class='ocrx_word' id='word_1_109' title='bbox 484 1353 583 1400; x_wconf 79' lang='grc' dir='ltr'><em>οὔθ’</em></span> <span class='ocrx_word' id='word_1_110' title='bbox 607 1353 632 1413; x_wconf 85' lang='grc' dir='ltr'>ἡ</span> <span class='ocrx_word' id='word_1_111' title='bbox 666 1356 773 1409; x_wconf 79' lang='grc' dir='ltr'><em>δόξα</em></span> <span class='ocrx_word' id='word_1_112' title='bbox 795 1354 893 1400; x_wconf 75' lang='grc' dir='ltr'>οὔθ’</span> <span class='ocrx_word' id='word_1_113' title='bbox 912 1354 938 1412; x_wconf 85' lang='grc' dir='ltr'>ἡ</span> <span class='ocrx_word' id='word_1_114' title='bbox 961 1355 1088 1413; x_wconf 78' lang='grc' dir='ltr'><em>λοιπὴ</em></span> <span class='ocrx_word' id='word_1_115' title='bbox 1120 1361 1248 1400; x_wconf 85' lang='grc' dir='ltr'><em>κακία</em></span> <span class='ocrx_word' id='word_1_116' title='bbox 1271 1391 1279 1400; x_wconf 93' lang='grc'><em>.</em></span> <span class='ocrx_word' id='word_1_117' title='bbox 1298 1392 1307 1400; x_wconf 80' lang='lat'><em>.</em></span> <span class='ocrx_word' id='word_1_118' title='bbox 1327 1391 1337 1401; x_wconf 93' lang='lat'><strong>.</strong></span> <span class='ocrx_word' id='word_1_119' title='bbox 1360 1363 1407 1400; x_wconf 82' lang='lat'>4:</span> <span class='ocrx_word' id='word_1_120' title='bbox 1431 1354 1539 1398; x_wconf 83' lang='grc' dir='ltr'><em>ὅταν</em></span> <span class='ocrx_word' id='word_1_121' title='bbox 1568 1361 1734 1410; x_wconf 76' lang='grc' dir='ltr'><em>καθαρ-</em></span> 
     </span>
     <span class='ocr_line' id='line_1_16' title="bbox 361 1426 1735 1485; baseline -0.001 -13"><span class='ocrx_word' id='word_1_122' title='bbox 361 1434 477 1473; x_wconf 77' lang='grc' dir='ltr'>θῶσι</span> <span class='ocrx_word' id='word_1_123' title='bbox 508 1431 580 1473; x_wconf 81' lang='grc' dir='ltr'>καὶ</span> <span class='ocrx_word' id='word_1_124' title='bbox 606 1430 819 1485; x_wconf 80' lang='grc' dir='ltr'><em>ἐκβάλωσι</em></span> <span class='ocrx_word' id='word_1_125' title='bbox 851 1429 902 1474; x_wconf 81' lang='grc' dir='ltr'>τὰ</span> <span class='ocrx_word' id='word_1_126' title='bbox 934 1429 1044 1474; x_wconf 84' lang='grc' dir='ltr'><em>κακὰ</em></span> <span class='ocrx_word' id='word_1_127' title='bbox 1080 1427 1343 1474; x_wconf 76' lang='grc' dir='ltr'><em>πάνθ’ὅσ’ἂν</em></span> <span class='ocrx_word' id='word_1_128' title='bbox 1372 1428 1519 1484; x_wconf 73' lang='grc' dir='ltr'><em>ἔχωσι,</em></span> <span class='ocrx_word' id='word_1_129' title='bbox 1557 1429 1630 1471; x_wconf 80' lang='grc' dir='ltr'>καὶ</span> <span class='ocrx_word' id='word_1_130' title='bbox 1659 1426 1735 1479; x_wconf 77' lang='grc' dir='ltr'>τὰς</span> 
     </span>
     <span class='ocr_line' id='line_1_17' title="bbox 363 1502 1733 1561; baseline -0.002 -14"><span class='ocrx_word' id='word_1_131' title='bbox 363 1503 492 1556; x_wconf 76' lang='grc' dir='ltr'><em>δόξας</em></span> <span class='ocrx_word' id='word_1_132' title='bbox 529 1506 601 1547; x_wconf 78' lang='grc' dir='ltr'>καὶ</span> <span class='ocrx_word' id='word_1_133' title='bbox 637 1503 718 1561; x_wconf 85' lang='grc' dir='ltr'>τὴν</span> <span class='ocrx_word' id='word_1_134' title='bbox 757 1504 944 1560; x_wconf 71' lang='grc' dir='ltr'><em>ἄγνοιαν</em></span> <span class='ocrx_word' id='word_1_135' title='bbox 981 1506 1053 1548; x_wconf 82' lang='grc' dir='ltr'>καὶ</span> <span class='ocrx_word' id='word_1_136' title='bbox 1083 1503 1164 1560; x_wconf 81' lang='grc' dir='ltr'>τὴν</span> <span class='ocrx_word' id='word_1_137' title='bbox 1195 1502 1354 1560; x_wconf 80' lang='grc' dir='ltr'><em>λοιπὴν</em></span> <span class='ocrx_word' id='word_1_138' title='bbox 1385 1507 1542 1546; x_wconf 81' lang='grc' dir='ltr'><em>κακίαν</em></span> <span class='ocrx_word' id='word_1_139' title='bbox 1572 1506 1733 1556; x_wconf 79' lang='grc' dir='ltr'><em>πᾶσαν,</em></span> 
     </span>
     <span class='ocr_line' id='line_1_18' title="bbox 361 1575 1733 1635; baseline -0.001 -14"><span class='ocrx_word' id='word_1_140' title='bbox 361 1578 458 1621; x_wconf 83' lang='grc' dir='ltr'><em>τότε</em></span> <span class='ocrx_word' id='word_1_141' title='bbox 501 1575 556 1622; x_wconf 79' lang='grc' dir='ltr'>ἂν</span> <span class='ocrx_word' id='word_1_142' title='bbox 599 1578 713 1622; x_wconf 81' lang='grc' dir='ltr'><em>οὕτω</em></span> <span class='ocrx_word' id='word_1_143' title='bbox 755 1578 1049 1635; x_wconf 81' lang='grc' dir='ltr'><em>σωθήσονται.</em></span> <span class='ocrx_word' id='word_1_144' title='bbox 1132 1585 1222 1633; x_wconf 83' lang='lat'>14,3</span> <span class='ocrx_word' id='word_1_145' title='bbox 1266 1580 1500 1633; x_wconf 88' lang='lat' dir='ltr'>quaerenti,</span> <span class='ocrx_word' id='word_1_146' title='bbox 1550 1592 1647 1620; x_wconf 88' lang='lat' dir='ltr'>num</span> <span class='ocrx_word' id='word_1_147' title='bbox 1690 1580 1733 1619; x_wconf 89' lang='lat' dir='ltr'>in</span> 
     </span>
     <span class='ocr_line' id='line_1_19' title="bbox 362 1654 1735 1708; baseline 0.001 -14"><span class='ocrx_word' id='word_1_148' title='bbox 362 1654 489 1695; x_wconf 85' lang='lat' dir='ltr'>falsae</span> <span class='ocrx_word' id='word_1_149' title='bbox 538 1656 783 1697; x_wconf 88' lang='lat' dir='ltr'>eruditionis</span> <span class='ocrx_word' id='word_1_150' title='bbox 833 1660 1021 1708; x_wconf 87' lang='lat' dir='ltr'>saeptum</span> <span class='ocrx_word' id='word_1_151' title='bbox 1066 1656 1294 1708; x_wconf 90' lang='lat' dir='ltr'>Opiniones</span> <span class='ocrx_word' id='word_1_152' title='bbox 1332 1656 1558 1705; x_wconf 88' lang='lat' dir='ltr'>introeant,</span> <span class='ocrx_word' id='word_1_153' title='bbox 1608 1666 1735 1695; x_wconf 87' lang='lat' dir='ltr'>senex</span> 
     </span>
     <span class='ocr_line' id='line_1_20' title="bbox 361 1723 1732 1783; baseline 0.001 -15"><span class='ocrx_word' id='word_1_154' title='bbox 361 1729 600 1780; x_wconf 78' lang='lat' dir='ltr'>respondet:</span> <span class='ocrx_word' id='word_1_155' title='bbox 639 1729 895 1782; x_wconf 55' lang='lat' dir='ltr'>Noai-agvgr</span> <span class='ocrx_word' id='word_1_156' title='bbox 926 1725 1021 1783; x_wconf 75' lang='grc' dir='ltr'>γὰρ</span> <span class='ocrx_word' id='word_1_157' title='bbox 1059 1728 1131 1771; x_wconf 84' lang='grc' dir='ltr'>καὶ</span> <span class='ocrx_word' id='word_1_158' title='bbox 1168 1729 1215 1770; x_wconf 83' lang='grc' dir='ltr'>ἐν</span> <span class='ocrx_word' id='word_1_159' title='bbox 1245 1726 1419 1776; x_wconf 79' lang='grc' dir='ltr'><strong><em>τούτοις</em></strong></span> <span class='ocrx_word' id='word_1_160' title='bbox 1454 1723 1503 1769; x_wconf 82' lang='grc' dir='ltr'>τὸ</span> <span class='ocrx_word' id='word_1_161' title='bbox 1536 1725 1674 1781; x_wconf 78' lang='grc' dir='ltr'><em>πόμα,</em></span> <span class='ocrx_word' id='word_1_162' title='bbox 1708 1724 1732 1769; x_wconf 79' lang='grc' dir='ltr'>ὃ</span> 
     </span>
     <span class='ocr_line' id='line_1_21' title="bbox 361 1798 1733 1856; baseline 0.001 -13"><span class='ocrx_word' id='word_1_163' title='bbox 361 1803 485 1843; x_wconf 79' lang='grc' dir='ltr'><em>ἔπιον</em></span> <span class='ocrx_word' id='word_1_164' title='bbox 532 1798 648 1855; x_wconf 73' lang='grc' dir='ltr'><em>παρὰ</em></span> <span class='ocrx_word' id='word_1_165' title='bbox 687 1805 762 1856; x_wconf 83' lang='grc' dir='ltr'>τῆς</span> <span class='ocrx_word' id='word_1_166' title='bbox 799 1798 991 1855; x_wconf 76' lang='grc' dir='ltr'><strong><em>Ἀπάτης.</em></strong></span> <span class='ocrx_word' id='word_1_167' title='bbox 1066 1805 1196 1846; x_wconf 84' lang='lat' dir='ltr'>Error</span> <span class='ocrx_word' id='word_1_168' title='bbox 1237 1804 1366 1854; x_wconf 78' lang='lat' dir='ltr'>igitur</span> <span class='ocrx_word' id='word_1_169' title='bbox 1408 1808 1449 1844; x_wconf 77' lang='lat' dir='ltr'>et</span> <span class='ocrx_word' id='word_1_170' title='bbox 1494 1803 1733 1855; x_wconf 77' lang='lat' dir='ltr'>ignorantia</span> 
     </span>
     <span class='ocr_line' id='line_1_22' title="bbox 365 1873 1730 1929; baseline 0.001 -12"><span class='ocrx_word' id='word_1_171' title='bbox 365 1876 432 1927; x_wconf 88' lang='lat' dir='ltr'>(cf.</span> <span class='ocrx_word' id='word_1_172' title='bbox 467 1875 556 1928; x_wconf 62' lang='lat'>53)</span> <span class='ocrx_word' id='word_1_173' title='bbox 594 1876 688 1918; x_wconf 87' lang='lat' dir='ltr'>fons</span> <span class='ocrx_word' id='word_1_174' title='bbox 726 1882 824 1919; x_wconf 89' lang='lat' dir='ltr'>sunt</span> <span class='ocrx_word' id='word_1_175' title='bbox 862 1882 904 1918; x_wconf 89' lang='lat' dir='ltr'>et</span> <span class='ocrx_word' id='word_1_176' title='bbox 941 1878 1056 1929; x_wconf 82' lang='lat' dir='ltr'>origo</span> <span class='ocrx_word' id='word_1_177' title='bbox 1088 1877 1340 1929; x_wconf 87' lang='lat' dir='ltr'>opinionum.</span> <span class='ocrx_word' id='word_1_178' title='bbox 1404 1881 1519 1928; x_wconf 83' lang='lat'>35,4:</span> <span class='ocrx_word' id='word_1_179' title='bbox 1560 1874 1651 1918; x_wconf 81' lang='grc' dir='ltr'><em>εἶτα</em></span> <span class='ocrx_word' id='word_1_180' title='bbox 1681 1873 1730 1918; x_wconf 79' lang='grc' dir='ltr'>τὸ</span> 
     </span>
     <span class='ocr_line' id='line_1_23' title="bbox 360 1945 1731 2006; baseline 0.001 -15"><span class='ocrx_word' id='word_1_181' title='bbox 360 1949 511 2003; x_wconf 77' lang='grc' dir='ltr'><em>ἕτερον</em></span> <span class='ocrx_word' id='word_1_182' title='bbox 544 1946 624 2003; x_wconf 78' lang='grc' dir='ltr'>οὐχ</span> <span class='ocrx_word' id='word_1_183' title='bbox 650 1945 768 2006; x_wconf 77' lang='grc' dir='ltr'>ὁρᾷς,</span> <span class='ocrx_word' id='word_1_184' title='bbox 801 1948 867 1992; x_wconf 82' lang='grc' dir='ltr'>ὅτι</span> <span class='ocrx_word' id='word_1_185' title='bbox 897 1950 969 1992; x_wconf 80' lang='grc' dir='ltr'>καὶ</span> <span class='ocrx_word' id='word_1_186' title='bbox 992 1953 1039 1992; x_wconf 79' lang='grc' dir='ltr'>αἱ</span> <span class='ocrx_word' id='word_1_187' title='bbox 1056 1948 1197 2001; x_wconf 81' lang='grc' dir='ltr'><em>Δόξαι</em></span> <span class='ocrx_word' id='word_1_188' title='bbox 1229 1950 1274 1991; x_wconf 83' lang='grc' dir='ltr'>ἐκ</span> <span class='ocrx_word' id='word_1_189' title='bbox 1304 1952 1384 1991; x_wconf 86' lang='grc' dir='ltr'>τοῦ</span> <span class='ocrx_word' id='word_1_190' title='bbox 1414 1949 1593 2004; x_wconf 78' lang='grc' dir='ltr'><strong><em>πρώτου</em></strong></span> <span class='ocrx_word' id='word_1_191' title='bbox 1613 1966 1731 2002; x_wconf 81' lang='grc' dir='ltr'><em>περι-</em></span> 
     </span>
     <span class='ocr_line' id='line_1_24' title="bbox 359 2019 1730 2078; baseline 0.001 -13"><span class='ocrx_word' id='word_1_192' title='bbox 359 2021 497 2076; x_wconf 76' lang='grc' dir='ltr'><em>βόλου</em></span> <span class='ocrx_word' id='word_1_193' title='bbox 529 2021 861 2078; x_wconf 78' lang='grc' dir='ltr'><em>εἰσπορεύονται</em></span> <span class='ocrx_word' id='word_1_194' title='bbox 881 2021 991 2077; x_wconf 78' lang='grc' dir='ltr'><em>πρὸς</em></span> <span class='ocrx_word' id='word_1_195' title='bbox 1019 2020 1180 2074; x_wconf 79' lang='grc' dir='ltr'><em>αὐτοὺς</em></span> <span class='ocrx_word' id='word_1_196' title='bbox 1212 2019 1391 2078; x_wconf 85' lang='grc' dir='ltr'><em>ὁμοίως;</em></span> <span class='ocrx_word' id='word_1_197' title='bbox 1413 2022 1569 2066; x_wconf 63' lang='grc' dir='ltr'>’Ἔζστε</span> <span class='ocrx_word' id='word_1_198' title='bbox 1601 2021 1730 2066; x_wconf 75' lang='grc' dir='ltr'><em>οὐδὲν</em></span> 
     </span>
     <span class='ocr_line' id='line_1_25' title="bbox 360 2089 1730 2152; baseline 0.001 -13"><span class='ocrx_word' id='word_1_199' title='bbox 360 2089 484 2139; x_wconf 77' lang='grc' dir='ltr'><em>οὗτοι</em></span> <span class='ocrx_word' id='word_1_200' title='bbox 515 2098 694 2140; x_wconf 81' lang='grc' dir='ltr'><em>ἐκείνων</em></span> <span class='ocrx_word' id='word_1_201' title='bbox 724 2101 922 2152; x_wconf 79' lang='grc' dir='ltr'><em>βελτίους</em></span> <span class='ocrx_word' id='word_1_202' title='bbox 953 2101 1064 2140; x_wconf 78' lang='grc' dir='ltr'><em>εἰσίν</em></span> <span class='ocrx_word' id='word_1_203' title='bbox 1087 2133 1095 2141; x_wconf 91' lang='grc'><strong>.</strong></span> <span class='ocrx_word' id='word_1_204' title='bbox 1119 2132 1128 2140; x_wconf 93' lang='grc'><strong>.</strong></span> <span class='ocrx_word' id='word_1_205' title='bbox 1154 2132 1160 2138; x_wconf 98' lang='grc'><em>.</em></span> <span class='ocrx_word' id='word_1_206' title='bbox 1195 2099 1259 2140; x_wconf 87' lang='lat' dir='ltr'>Ad</span> <span class='ocrx_word' id='word_1_207' title='bbox 1286 2111 1425 2140; x_wconf 81' lang='lat' dir='ltr'>veram</span> <span class='ocrx_word' id='word_1_208' title='bbox 1457 2100 1730 2141; x_wconf 81' lang='lat' dir='ltr'>eruditionem</span> 
     </span>
     <span class='ocr_line' id='line_1_26' title="bbox 361 2173 1728 2226; baseline 0 -12"><span class='ocrx_word' id='word_1_209' title='bbox 361 2173 591 2225; x_wconf 90' lang='lat' dir='ltr'>Opiniones</span> <span class='ocrx_word' id='word_1_210' title='bbox 622 2173 821 2226; x_wconf 84' lang='lat' dir='ltr'>quaedam</span> <span class='ocrx_word' id='word_1_211' title='bbox 854 2174 951 2214; x_wconf 88' lang='lat' dir='ltr'>illae</span> <span class='ocrx_word' id='word_1_212' title='bbox 982 2174 1146 2225; x_wconf 87' lang='lat' dir='ltr'>quidem</span> <span class='ocrx_word' id='word_1_213' title='bbox 1178 2173 1425 2226; x_wconf 87' lang='lat' dir='ltr'>perducunt,</span> <span class='ocrx_word' id='word_1_214' title='bbox 1459 2174 1530 2216; x_wconf 89' lang='lat' dir='ltr'>sed</span> <span class='ocrx_word' id='word_1_215' title='bbox 1562 2174 1615 2215; x_wconf 86' lang='lat' dir='ltr'>ad</span> <span class='ocrx_word' id='word_1_216' title='bbox 1645 2175 1728 2215; x_wconf 90' lang='lat' dir='ltr'>vir-</span> 
     </span>
     <span class='ocr_line' id='line_1_27' title="bbox 359 2247 1729 2300; baseline 0.002 -14"><span class='ocrx_word' id='word_1_217' title='bbox 359 2250 472 2287; x_wconf 87' lang='lat' dir='ltr'>tutes</span> <span class='ocrx_word' id='word_1_218' title='bbox 502 2248 659 2288; x_wconf 87' lang='lat' dir='ltr'>intrare</span> <span class='ocrx_word' id='word_1_219' title='bbox 690 2248 741 2289; x_wconf 89' lang='lat' dir='ltr'>iis</span> <span class='ocrx_word' id='word_1_220' title='bbox 773 2260 855 2289; x_wconf 88' lang='lat' dir='ltr'>non</span> <span class='ocrx_word' id='word_1_221' title='bbox 887 2249 1001 2300; x_wconf 87' lang='lat' dir='ltr'>licet;</span> <span class='ocrx_word' id='word_1_222' title='bbox 1033 2259 1165 2300; x_wconf 86' lang='lat' dir='ltr'>neque</span> <span class='ocrx_word' id='word_1_223' title='bbox 1196 2248 1306 2289; x_wconf 89' lang='lat' dir='ltr'>enim</span> <span class='ocrx_word' id='word_1_224' title='bbox 1337 2247 1399 2290; x_wconf 88' lang='lat' dir='ltr'>fas</span> <span class='ocrx_word' id='word_1_225' title='bbox 1431 2253 1493 2290; x_wconf 90' lang='lat' dir='ltr'>est</span> <span class='ocrx_word' id='word_1_226' title='bbox 1514 2249 1566 2290; x_wconf 89' lang='lat' dir='ltr'>ad</span> <span class='ocrx_word' id='word_1_227' title='bbox 1588 2248 1729 2289; x_wconf 85' lang='lat' dir='ltr'>Scien-</span> 
     </span>
     <span class='ocr_line' id='line_1_28' title="bbox 359 2320 1728 2374; baseline 0.001 -13"><span class='ocrx_word' id='word_1_228' title='bbox 359 2320 461 2362; x_wconf 88' lang='lat' dir='ltr'>tiam</span> <span class='ocrx_word' id='word_1_229' title='bbox 493 2321 686 2363; x_wconf 85' lang='lat' dir='ltr'>accedere</span> <span class='ocrx_word' id='word_1_230' title='bbox 717 2322 986 2374; x_wconf 83' lang='lat' dir='ltr'>Opinionem3</span> <span class='ocrx_word' id='word_1_231' title='bbox 1021 2325 1138 2373; x_wconf 79' lang='lat'>29,3.</span> <span class='ocrx_word' id='word_1_232' title='bbox 1191 2322 1306 2363; x_wconf 88' lang='lat' dir='ltr'>Haec</span> <span class='ocrx_word' id='word_1_233' title='bbox 1336 2323 1478 2373; x_wconf 82' lang='lat' dir='ltr'>igitur,</span> <span class='ocrx_word' id='word_1_234' title='bbox 1511 2326 1558 2364; x_wconf 89' lang='lat' dir='ltr'>ut</span> <span class='ocrx_word' id='word_1_235' title='bbox 1589 2322 1728 2363; x_wconf 85' lang='lat' dir='ltr'>omnia</span> 
     </span>
     <span class='ocr_line' id='line_1_29' title="bbox 359 2395 1727 2448; baseline 0.001 -13"><span class='ocrx_word' id='word_1_236' title='bbox 359 2395 439 2435; x_wconf 90' lang='lat' dir='ltr'>iam</span> <span class='ocrx_word' id='word_1_237' title='bbox 472 2396 828 2447; x_wconf 89' lang='lat' dir='ltr'>comprehendam,</span> <span class='ocrx_word' id='word_1_238' title='bbox 861 2397 911 2437; x_wconf 93' lang='lat' dir='ltr'>de</span> <span class='ocrx_word' id='word_1_239' title='bbox 934 2396 1196 2448; x_wconf 89' lang='lat' dir='ltr'>opinionibus</span> <span class='ocrx_word' id='word_1_240' title='bbox 1219 2395 1337 2438; x_wconf 84' lang='lat' dir='ltr'>docet</span> <span class='ocrx_word' id='word_1_241' title='bbox 1361 2396 1511 2438; x_wconf 88' lang='lat' dir='ltr'>Cebes:</span> <span class='ocrx_word' id='word_1_242' title='bbox 1544 2400 1586 2438; x_wconf 89' lang='lat' dir='ltr'>et</span> <span class='ocrx_word' id='word_1_243' title='bbox 1606 2408 1727 2437; x_wconf 83' lang='lat' dir='ltr'>veras</span> 
     </span>
     <span class='ocr_line' id='line_1_30' title="bbox 359 2469 1724 2523; baseline 0.001 -14"><span class='ocrx_word' id='word_1_244' title='bbox 359 2469 574 2520; x_wconf 88' lang='lat' dir='ltr'>opiniones</span> <span class='ocrx_word' id='word_1_245' title='bbox 596 2481 684 2511; x_wconf 90' lang='lat' dir='ltr'>esse</span> <span class='ocrx_word' id='word_1_246' title='bbox 706 2473 748 2511; x_wconf 89' lang='lat' dir='ltr'>et</span> <span class='ocrx_word' id='word_1_247' title='bbox 768 2469 907 2521; x_wconf 86' lang='lat' dir='ltr'>falsas,</span> <span class='ocrx_word' id='word_1_248' title='bbox 941 2475 983 2511; x_wconf 92' lang='lat' dir='ltr'>et</span> <span class='ocrx_word' id='word_1_249' title='bbox 1013 2472 1219 2512; x_wconf 85' lang='lat' dir='ltr'>salutares</span> <span class='ocrx_word' id='word_1_250' title='bbox 1250 2474 1291 2510; x_wconf 88' lang='lat' dir='ltr'>et</span> <span class='ocrx_word' id='word_1_251' title='bbox 1321 2471 1574 2523; x_wconf 86' lang='lat' dir='ltr'>perniciosas</span> <span class='ocrx_word' id='word_1_252' title='bbox 1598 2469 1724 2522; x_wconf 87' lang='lat'>(6,2).</span> 
     </span>
     <span class='ocr_line' id='line_1_31' title="bbox 357 2542 1726 2597; baseline 0.001 -13"><span class='ocrx_word' id='word_1_253' title='bbox 357 2542 436 2584; x_wconf 84' lang='lat' dir='ltr'>Sed</span> <span class='ocrx_word' id='word_1_254' title='bbox 479 2544 612 2585; x_wconf 86' lang='lat' dir='ltr'>malae</span> <span class='ocrx_word' id='word_1_255' title='bbox 652 2547 855 2596; x_wconf 86' lang='lat' dir='ltr'>utraeque</span> <span class='ocrx_word' id='word_1_256' title='bbox 886 2549 1002 2596; x_wconf 90' lang='lat' dir='ltr'>sunt,</span> <span class='ocrx_word' id='word_1_257' title='bbox 1045 2545 1153 2596; x_wconf 87' lang='lat' dir='ltr'>quod</span> <span class='ocrx_word' id='word_1_258' title='bbox 1183 2544 1314 2586; x_wconf 87' lang='lat' dir='ltr'>donec</span> <span class='ocrx_word' id='word_1_259' title='bbox 1351 2545 1613 2597; x_wconf 90' lang='lat' dir='ltr'>opinionibus</span> <span class='ocrx_word' id='word_1_260' title='bbox 1644 2544 1726 2585; x_wconf 90' lang='lat' dir='ltr'>eris</span> 
     </span>
     <span class='ocr_line' id='line_1_32' title="bbox 358 2616 1725 2671; baseline 0.002 -15"><span class='ocrx_word' id='word_1_261' title='bbox 358 2616 594 2669; x_wconf 88' lang='lat' dir='ltr'>obstrictus,</span> <span class='ocrx_word' id='word_1_262' title='bbox 618 2618 831 2659; x_wconf 84' lang='lat' dir='ltr'>scientiam</span> <span class='ocrx_word' id='word_1_263' title='bbox 855 2631 937 2659; x_wconf 91' lang='lat' dir='ltr'>non</span> <span class='ocrx_word' id='word_1_264' title='bbox 959 2619 1236 2671; x_wconf 82' lang='lat' dir='ltr'>consequeris3</span> <span class='ocrx_word' id='word_1_265' title='bbox 1269 2631 1402 2671; x_wconf 89' lang='lat' dir='ltr'>neque</span> <span class='ocrx_word' id='word_1_266' title='bbox 1429 2620 1539 2660; x_wconf 86' lang='lat' dir='ltr'>enim</span> <span class='ocrx_word' id='word_1_267' title='bbox 1566 2619 1725 2671; x_wconf 89' lang='lat' dir='ltr'>opinio-</span> 
     </span>
     <span class='ocr_line' id='line_1_33' title="bbox 358 2692 1724 2746; baseline 0.001 -15"><span class='ocrx_word' id='word_1_268' title='bbox 358 2701 431 2731; x_wconf 86' lang='lat' dir='ltr'>nes</span> <span class='ocrx_word' id='word_1_269' title='bbox 454 2696 494 2732; x_wconf 87' lang='lat' dir='ltr'>et</span> <span class='ocrx_word' id='word_1_270' title='bbox 516 2692 687 2733; x_wconf 89' lang='lat' dir='ltr'>scientia</span> <span class='ocrx_word' id='word_1_271' title='bbox 709 2704 791 2733; x_wconf 87' lang='lat' dir='ltr'>una</span> <span class='ocrx_word' id='word_1_272' title='bbox 812 2704 900 2733; x_wconf 89' lang='lat' dir='ltr'>csse</span> <span class='ocrx_word' id='word_1_273' title='bbox 921 2696 1115 2745; x_wconf 71' lang='lat' dir='ltr'>possunt,</span> <span class='ocrx_word' id='word_1_274' title='bbox 1148 2693 1314 2744; x_wconf 88' lang='lat' dir='ltr'>sapiens</span> <span class='ocrx_word' id='word_1_275' title='bbox 1336 2694 1478 2746; x_wconf 83' lang='lat' dir='ltr'>igitur,</span> <span class='ocrx_word' id='word_1_276' title='bbox 1500 2693 1569 2745; x_wconf 91' lang='lat' dir='ltr'>qui</span> <span class='ocrx_word' id='word_1_277' title='bbox 1592 2693 1724 2735; x_wconf 87' lang='lat' dir='ltr'>scien-</span> 
     </span>
    </p>
   </div>
  </div>
 </body>
</html>
