1888 3170
831 185 1144 222 —110—

304 309 395 337 cum
426 295 660 336 litterarum
701 298 840 335 tractu
872 299 913 335 et
945 307 1038 335 cum
1069 294 1158 345 illo,
1197 295 1304 346 quod
1337 295 1543 346 sequitur,
1581 296 1673 350 γνῷ

304 369 496 410 convenit
528 368 732 419 scriptura
765 367 934 422 συνῇῑ).

423 446 514 491 15‚1
540 441 675 482 ABD
699 436 862 491 οὐθείς,
881 441 974 482 Mc*
992 437 1149 490 οὐδείς.
1188 445 1284 492 35‚4
1300 443 1356 483 M
1373 436 1525 492 οὐθέν,
1548 441 1675 482 ceteri

304 520 441 556 utrum
466 510 600 556 οὐδέν
624 527 676 555 an
699 509 838 555 οὐθέν
861 515 1096 566 exhibeant,
1130 516 1298 557 dubium
1332 519 1405 556 est.
1453 519 1547 564 4l,1
1585 514 1673 555 BD

303 587 459 642 μηθέν.
512 588 571 628 De
593 589 742 629 ceteris
764 588 867 629 nihil
889 590 1138 640 exscriptum
1161 590 1338 630 invenio.
1392 588 1552 639 Viginti
1575 588 1675 628 locis

304 675 447 704 omnes
469 662 564 703 libri
587 663 852 703 consentiunt
872 663 914 703 in
939 658 1102 715 οὐδείς,
1124 676 1204 705 uno
1227 664 1268 704 in
1292 658 1499 711 οὐθείςῖ·.
1561 662 1675 711 Quae

305 749 393 777 cuni
428 738 485 778 ita
518 738 619 787 sint,
652 749 733 777 non
766 737 908 779 dubito
946 739 1044 790 quin
1077 738 1235 779 formae
1268 733 1420 785 οὐθείς
1451 741 1492 778 et
1522 738 1677 790 μηθείς

305 812 488 853 librariis
512 812 595 852 sint
617 811 864 852 tribuendae
886 815 1079 863 recteque
1103 811 1330 853 Drosihnus
1353 812 1508 853 formas
1535 811 1676 851 littera

305 887 330 927 δ
361 887 535 937 scriptas
567 886 718 938 ubique
740 886 993 935 restituerit,
1026 886 1086 927 ita
1117 890 1164 927 ut
1185 887 1263 927 hac
1294 887 1336 926 in
1368 898 1411 926 re
1434 884 1563 926 Cebes
1586 897 1677 925 cum

304 960 490 1012 antiquis
522 960 671 1000 Atticis
693 958 983 1012 consentiatss).
1046 960 1159 1010 Quae
1191 960 1298 1001 enim
1326 959 1497 1001 alterius
1520 958 1677 1000 formae

304 1034 344 1074 in
368 1033 529 1075 Tabula
551 1034 778 1075 obveniunt
810 1034 1012 1085 exempla,
1045 1046 1093 1075 ea
1115 1035 1313 1085 pauciora
1335 1038 1443 1081 sunt,
1477 1046 1600 1085 quain
1633 1038 1679 1075 ut

305 1108 466 1148 auctori
499 1108 578 1159 ipsi
610 1108 718 1148 hanc
749 1119 911 1160 quoque
942 1109 982 1148 in
1016 1119 1093 1148 usu
1124 1108 1253 1149 fuisse
1279 1108 1542 1150 arbitremur.

419 1182 533 1222 Idem
591 1182 855 1223 statuendum
911 1194 1001 1223 esse
1058 1182 1155 1222 mibi
1214 1182 1377 1223 videtur
1432 1183 1481 1222 de
1537 1182 1678 1222 formis

305 1258 537 1309 γίγνεσθαι
559 1261 601 1297 et
622 1257 840 1308 γίνεσθαι,
863 1251 1126 1308 γιγνώσκειν
1149 1259 1190 1296 et
1210 1246 1472 1308 γινώσκειν..
1509 1255 1679 1297 Codices

306 1331 486 1371 Parisini
521 1331 670 1383 ubique
690 1330 893 1382 praebent
914 1331 1162 1382 γίγνεσθαι,
1195 1330 1273 1371 nisi
1296 1330 1402 1382 quod
1435 1330 1525 1371 RD
1549 1333 1615 1380 40,
1635 1332 1678 1379 23

306 1408 401 1454 41‚2
435 1404 632 1446 exhibent
662 1406 852 1457 γίνεται,
886 1409 926 1444 A
948 1401 1166 1457 γινόμεθα
1205 1408 1248 1454 8,
1268 1403 1349 1456 4⁴);
1398 1405 1456 1445 M
1491 1404 1680 1445 omnibus

307 1478 405 1519 locis
444 1480 661 1530 γίνεσθαι.
727 1478 880 1519 Eodem
926 1478 1045 1519 modo
1076 1479 1131 1519 M
1160 1478 1314 1530 ubique
1344 1478 1519 1530 praebet
1549 1474 1680 1530 γινώ-

307 1563 442 1603 σκειν,
476 1552 656 1593 Parisini
688 1548 961 1604 γιγνώσκειν.
1025 1552 1116 1593 Hac
1147 1553 1188 1592 in
1220 1564 1265 1592 re
1297 1551 1569 1601 Drosihnum,
1610 1551 1679 1603 qui

306 1627 499 1668 omnibus
555 1626 655 1667 losis
715 1626 883 1678 scripsit
940 1622 1233 1678 γιγνώσκειν”
1255 1628 1297 1665 et
1347 1627 1579 1677 γίγνεσθαι
1633 1636 1680 1665 eo

310 1700 509 1741 libentius
551 1712 788 1753 sequemur,
828 1700 934 1751 quod
972 1700 1059 1740 cod.
1093 1700 1151 1739 M
1189 1699 1481 1740 auctoritatem
1524 1697 1705 1747 nullanr

307 1787 397 1816 esse
428 1775 657 1815 luculenter
686 1774 869 1815 ostendit
896 1772 1178 1825 Muellerus-²³)

425 1851 519 1900 29,2
553 1848 593 1889 in
616 1848 732 1888 libris
756 1847 857 1888 haec
877 1852 1065 1888 exstant:
1102 1845 1173 1887 καὶ
1195 1842 1441 1900 ἁγαγοῦσαι
1472 1842 1580 1898 πρὸς
1599 1841 1680 1900 τὴν

309 1924 526 1964 Παιδείαν
566 1918 670 1970 τοὺς
699 1919 979 1970 εἰσελθόντας
1010 1916 1118 1973 πρὸς
1149 1916 1223 1969 τὰς
1248 1916 1421 1972 Ἀρετὰς
1454 1916 1679 1973 ἀνακάμπ-

424 2037 451 2079 1)
479 2036 580 2079 Quod
614 2036 962 2078 Schweighaeusm·us
996 2035 1137 2078 scripsit
1171 2034 1295 2079 συνιῇ,
1331 2034 1552 2077 corruptelae
1584 2034 1680 2075 origo

312 2095 427 2128 minus
453 2093 554 2127 facile
581 2093 781 2136 explicatur
806 2103 918 2135 neque
943 2092 1011 2126 hoc
1036 2103 1112 2125 cum
1138 2092 1198 2125 illo
1224 2092 1297 2136 γνῷ
1323 2091 1498 2125 convenit.
1538 2091 1682 2124 Drosih-

307 2163 371 2186 nus
395 2162 437 2184 ex
464 2151 695 2185 deterioribus
716 2161 792 2184 mss.
811 2150 948 2192 recepit
973 2149 1091 2191 συνίῃ.
1133 2148 1198 2182 Sed
1224 2153 1262 2181 ut
1287 2148 1422 2182 mittam
1449 2157 1619 2190 quaerere
1638 2146 1680 2180 de

307 2209 376 2242 hac
389 2213 552 2242 accentus
563 2207 713 2250 ponendi
728 2207 862 2240 ratione
881 2206 938 2249 (cf.
955 2206 1202 2248 Goettlingium
1216 2210 1347 2238 accent.
1363 2205 1473 2238 doctr.
1488 2203 1507 2247 ξ
1522 2206 1576 2243 30,
1590 2206 1621 2247 2,
1637 2205 1681 2247 3),

307 2266 392 2299 artis
419 2265 561 2299 criticae
587 2263 680 2306 leges
705 2263 885 2306 postulare
913 2263 996 2296 mihi
1022 2262 1196 2303 videntur,
1227 2266 1267 2294 ut
1291 2261 1408 2304 potius
1433 2270 1475 2294 ex
1500 2260 1560 2302 iis,
1591 2268 1681 2302 quae

307 2322 342 2355 in
369 2322 499 2365 optimo
526 2321 641 2354 codice
659 2325 808 2363 exstant,
835 2319 1058 2363 probabilem
1075 2318 1286 2361 scripturam
1304 2317 1443 2360 assequi
1468 2316 1681 2359 studeamus,

310 2389 426 2422 quam,
453 2378 481 2411 si
506 2377 567 2411 illa
591 2377 733 2411 retineri
759 2387 827 2410 non
853 2381 1012 2419 possunt,
1039 2375 1083 2410 ad
1109 2375 1298 2409 deteriores
1323 2373 1419 2408 codd.
1439 2373 1681 2415 confugiamus

308 2435 430 2479 optimi
457 2435 586 2469 codicis
610 2435 747 2469 ratione
772 2445 840 2468 non
865 2434 998 2468 habita.

425 2493 452 2535 ²)
481 2491 531 2525 Cf.
559 2491 724 2526 Drosihni
749 2491 829 2524 edit.
856 2489 965 2533 praef.
989 2501 1024 2534 p.
1052 2489 1146 2523 VIII.

422 2548 449 2591 3)
478 2548 529 2582 Cf.
555 2548 710 2582 Lobeck.
735 2547 865 2590 Phryn.
891 2557 924 2590 p.
953 2548 1028 2581 181.

424 2605 453 2649 ⁴)
482 2606 649 2639 Drosihni
675 2605 788 2648 praef.
815 2616 848 2648 p.
873 2605 940 2637 VII
965 2614 1030 2647 sq„
1056 2603 1112 2646 qui
1138 2604 1199 2644 8,4
1225 2602 1341 2635 omisit

424 2662 450 2706 ⁵)
481 2662 596 2695 Muell.
623 2662 665 2695 de
691 2668 765 2695 arte
791 2662 867 2695 crit.
895 2661 976 2695 Ceb.
1003 2660 1089 2694 Tab.
1115 2659 1222 2693 adhib
1260 2670 1294 2701 p.
1324 2660 1365 2691 19
1392 2669 1456 2701 sq.⁷
1482 2670 1512 2701 p⁴
1540 2660 1594 2692 68.
