1888 3170
717 188 996 223 —57-

174 292 305 346 (apud
328 294 597 335 Mullachium
620 296 676 346 II,
708 309 746 348 p.
772 297 860 348 (37):
894 295 1034 349 μόνον
1066 297 1118 339 δέ
1140 309 1248 352 φασι
1280 294 1358 339 τὸν
1396 294 1540 351 σοφὸν

173 365 244 407 καὶ
277 363 436 420 μάντιν
474 363 650 421 ἀγαθὸν
689 366 799 410 εἶναι
838 369 909 411 καὶ
945 367 1133 425 ποιητὴν
1170 370 1241 412 καὶ
1273 368 1437 425 ῥήτορα
1469 370 1541 412 καὶ

175 437 448 482 διαλεκτικὸν
479 440 549 482 καὶ
582 439 790 495 κριτικόν.

288 514 462 556 Criticos
486 521 808 558 consentaneum
842 525 904 558 est
926 517 1001 559 hoc
1023 518 1207 559 Tabulae
1238 519 1326 560 loco
1358 530 1438 559 non
1471 529 1540 560 eos

172 589 376 639 intellegi,
418 589 487 641 qui
530 590 651 641 vulgo
692 590 769 630 hoc
808 592 972 632 nomine
1013 591 1304 643 designantur,
1347 593 1418 634 sed
1449 605 1541 634 cum

173 664 540 714 grammaticorum
565 664 606 704 in
633 663 708 704 bac
729 668 887 716 septem
913 665 1078 706 illarum
1106 666 1417 718 disciplinarum
1442 679 1542 708 enu—

174 738 402 778 meratione
419 738 552 778 locum
570 741 752 789 teneant,
771 739 916 780 iisdem
934 743 1057 791 atque
1080 741 1372 792 grammaticos
1394 740 1543 782 studiis

173 823 391 863 praeesse,
424 812 508 862 qui,
541 811 736 852 Senecam
777 813 811 853 si
846 812 1115 866 sequimur1),
1148 814 1258 856 circa
1291 827 1427 855 curam
1459 826 1543 855 ser—

172 885 304 926 monis
331 889 549 927 versantur
577 890 617 926 et
648 885 682 925 si
704 885 830 927 latius
852 887 994 938 vagari
1015 888 1171 939 volunt,
1204 889 1310 930 circa
1334 888 1542 940 historias,

172 959 254 1000 iam
297 962 343 1000 ut
385 959 624 1009 longissime
664 958 766 999 fines
804 972 900 1001 suos
930 959 1163 1014 proferant,
1206 963 1311 1004 circa
1348 962 1542 1004 carmina.

176 1033 333 1083 Quodsi
365 1033 570 1085 explorari
592 1038 745 1084 posset,
777 1046 954 1085 quanam
977 1039 1113 1076 aetate
1134 1037 1369 1079 criticorum
1391 1049 1541 1079 nomen

174 1107 225 1148 ad
259 1119 342 1157 eos,
376 1107 446 1158 qni
467 1107 590 1158 vulgo
611 1107 872 1158 grammatici
905 1108 1109 1160 dicuntur,
1141 1111 1389 1152 translatum
1422 1115 1543 1162 esset,

174 1182 284 1222 haud
315 1182 520 1222 mediocre
552 1181 884 1223 nancisceremur
906 1183 1216 1235 disceptationis
1238 1189 1406 1226 nostrae
1428 1185 1545 1226 adiu-

175 1260 375 1296 mentum.
439 1255 517 1296 Sed
561 1267 724 1306 vereor,
767 1268 818 1296 ne
862 1257 910 1298 de
954 1257 1029 1298 hac
1059 1270 1103 1298 re
1135 1258 1434 1310 desperandum
1478 1258 1544 1299 sit.

174 1329 291 1378 Quod
310 1329 418 1369 enim
439 1328 639 1380 veteres2)
661 1330 855 1371 volebant
876 1334 1098 1384 antequam
1115 1332 1374 1384 grammatici
1397 1343 1546 1373 nomen

174 1404 216 1444 in
248 1416 368 1445 usum
400 1404 578 1454 veniret,
617 1404 692 1444 hoc
722 1416 852 1455 genus
885 1405 1098 1446 doctorum
1130 1406 1294 1447 criticos
1327 1405 1545 1456 audivisse,

176 1478 216 1518 id
240 1478 438 1530 exemplis
460 1478 625 1530 probari
647 1490 729 1519 non
751 1483 900 1530 potest.
947 1479 1112 1521 Valesio
1130 1480 1251 1529 enim,
1286 1480 1355 1531 qui
1378 1483 1418 1520 et
1439 1479 1547 1519 hunc

176 1552 361 1593 Tabulae
402 1552 535 1592 locum
568 1558 609 1592 et
639 1552 929 1594 Ps.-Platonis
962 1554 1132 1595 Axiocli.
1167 1557 1246 1596 366
1266 1552 1330 1605 e3)
1369 1554 1455 1594 eius
1486 1553 1547 1594 rei

176 1626 422 1668 documento
455 1637 543 1667 esse
574 1626 854 1677 existimabat,
887 1639 938 1667 ne
959 1629 1233 1669 assentiamur
1255 1628 1405 1678 obstat,
1439 1628 1548 1679 quod

174 1713 308 1752 neque
343 1701 391 1742 de
425 1699 591 1742 Cebetis
623 1699 808 1742 Tabulae
846 1713 979 1753 neque
1020 1702 1069 1742 de
1110 1702 1263 1752 dialogi
1304 1702 1433 1753 illius,
1477 1703 1548 1754 qui

177 1775 385 1816 Axiochus
402 1775 657 1828 inscribitur,
679 1775 837 1828 origine
860 1779 1038 1827 constat3
1065 1775 1271 1816 Axiochus
1294 1779 1430 1817 autem
1449 1776 1547 1827 quin

176 1849 421 1891 recentioris
467 1851 618 1892 aetatis
665 1851 738 1901 sit,
787 1849 853 1890 vix
896 1850 1113 1902 quisquam
1155 1853 1218 1891 est
1265 1850 1333 1902 qui
1373 1850 1548 1890 dubitet.

175 1985 326 2028 primum
353 1985 508 2028 quaerit,
534 1996 615 2019 nuni
641 1985 863 2029 geometricis
900 1990 933 2018 et
967 1984 1175 2027 astrologiae
1201 1984 1389 2027 studuerit,
1413 1983 1549 2027 deinde,

176 2053 258 2076 num
290 2046 474 2086 poetarum
510 2052 617 2086 opera
650 2043 783 2085 legerit.
841 2042 927 2075 Exc.
961 2051 979 2075 e
1014 2041 1086 2075 cod.
1121 2051 1181 2075 ms.
1220 2041 1315 2075 Flor.
1354 2041 1408 2076 Jo.
1448 2041 1548 2075 Dam.

176 2098 211 2132 in
237 2098 292 2135 ed.
319 2098 415 2132 Stob.
442 2098 593 2132 Meinek.
619 2099 669 2132 IV
693 2110 726 2142 p.
754 2099 828 2132 191.

295 2161 317 2203 ¹)
344 2161 444 2205 epist.
470 2163 560 2205 883.

297 2216 322 2261 2)
348 2218 391 2252 cf.
418 2218 539 2253 Wolfii
565 2219 699 2262 proleg.
725 2229 758 2261 p.
787 2217 940 2251 CLXXI.

294 2275 320 2319 ³)
349 2270 491 2310 ὁπόταν
509 2275 549 2310 δὲ
571 2274 623 2315 εἰς
639 2272 706 2320 τὴν
722 2271 919 2309 ἑπταετίαν
931 2269 1113 2319 ἀφίκηται
1125 2270 1552 2314 πολλούςπόνουςὸιαν-

177 2334 313 2377 τλῆσαν
332 2329 566 2377 (ἐπέστησαν)
587 2332 823 2376 παιδαγωγοὶ
841 2331 904 2366 καὶ.
929 2331 1197 2376 γραμματισταὶ
1222 2331 1286 2365 καὶ
1310 2332 1552 2376 παιδοτρίβαι

178 2391 476 2434 τυραννοῦντες·
494 2385 708 2435 αὐξομένου
735 2387 775 2423 o}
795 2389 969 2433 κριτικοί,
1005 2387 1226 2433 γεωμέτραι,
1251 2389 1430 2431 τακτικοί,
1455 2384 1549 2421 πολὺ

178 2447 326 2491 πλῆθος
351 2447 558 2491 δεσποτῶν,
595 2447 654 2481 ubi
682 2447 871 2481 Fischerus
907 2451 1002 2480 recte
1034 2446 1280 2480 animadvertit
1314 2446 1452 2480 criticos
1477 2455 1552 2480 esse

179 2505 439 2548 grammaticos,
463 2506 499 2542 h.
519 2516 547 2541 e.
576 2506 806 2549 „interpretes
823 2508 1021 2548 poetarum,
1047 2504 1106 2547 qui
1132 2505 1235 2538 etiam
1255 2503 1349 2537 locos
1368 2507 1552 2546 poetarum

180 2562 338 2604 egregios
362 2562 537 2596 iusserunt
562 2572 691 2605 pueros
718 2562 907 2595 ediscere“.
948 2560 1071 2604 Neque
1096 2561 1185 2593 enim
1212 2560 1255 2594 de
1280 2560 1323 2593 iis
1341 2560 1471 2594 criticis
1496 2559 1553 2594 hic

180 2620 235 2662 agi
261 2625 389 2663 potest,
416 2621 476 2664 qui
500 2620 540 2654 de
567 2620 727 2663 genuinis
752 2625 812 2653 aut
838 2619 967 2663 spuriis
986 2622 1170 2662 poetarum
1188 2617 1274 2652 locis
1292 2617 1552 2661 disceptabant3

166 2687 259 2722 ,nani
286 2677 372 2712 haec
395 2677 431 2710 in
456 2677 547 2712 ludis
573 2688 648 2711 cum
676 2677 795 2721 pueris
822 2687 889 2711 non
915 2676 1173 2710 tractabantur.
