1888 3170
698 215 982 253 —95—

157 322 300 381 ἀρετή.
348 320 410 367 ‘H
427 324 506 379 μὲν
537 317 619 367 οὖν
641 324 922 379 προσέρχεται
954 322 1121 379 πόρνης
1152 323 1223 366 καὶ
1255 320 1526 378 χαμαιτύπης

154 398 321 455 τρόπον
347 399 615 454 τετρνμμένη
640 399 757 452 (Tab.
783 403 805 441 9
828 399 1152 453 κεκοσμημένας
1183 396 1327 452 ὥσπερ
1360 397 1524 450 ἑταῖραι

155 471 370 528 εἰώθασι),
391 507 398 516 .
420 507 428 516 .
449 510 457 517 .
505 476 847 528 Συνομαρτοῦσι
880 469 1032 529 δἀὐτῄ
1063 476 1151 516 τῶν
1183 470 1525 526 συνηθεστάτων

155 552 425 603 πανουργία,
471 548 721 603 προπέτεια,
761 552 983 601 κολακεία,
1033 546 1321 602 φενακισμός,
1369 543 1525 599 ἀπάτη,

155 624 438 677 ψευδολογία,
453 623 735 675 ψευδοδοξία,
753 618 940 676 ἀσέβεια,
959 618 1119 675 ἀδικία,
1135 618 1357 664 ἀκολασία.
1382 623 1526 664 Virtus

155 702 299 739 contra
329 698 388 739 sic
417 697 662 738 describitur
695 700 717 738 3
750 709 788 749 p.
816 700 893 738 167
918 697 996 738 Μ.;
1030 696 1263 750 ἐλευθέρας
1292 695 1364 737 καὶ
1396 691 1527 750 ἀστῆς

154 770 490 825 προσφερομένη
522 768 664 812 πάντα
683 804 691 812 .
711 803 720 811 .
738 805 745 813 .
765 766 955 821 ἀψευδὲς
986 763 1109 824 ἦθος,
1127 804 1136 812 .
1153 804 1162 813 .
1181 803 1190 813 .
1207 770 1353 824 σχέσιν
1393 767 1526 812 ἄπλα-

155 856 261 886 στον
278 879 286 887 .
305 848 539 899 ..μετρίαν
571 844 746 898 ἐσθῆτα.
801 847 1077 886 Συνείποντο
1111 840 1147 887 δ’
1172 840 1282 899 αὐτῇ
1315 840 1525 898 εὐσέβεια,

156 914 353 972 ὁσιότης,
394 915 599 974 ἀλήθεια,
630 918 777 972 θέμις,
810 914 1005 972 ἁγιστεία
1036 917 1107 960 καὶ
1148 914 1347 973 εὖορκία,
1390 920 1526 960 δικαι-

155 990 317 1046 οσύνη,
369 992 534 1047 ἰσότης,
585 989 855 1036 εὐσυνθεσία
905 994 1037 1046 cet.1).
1115 995 1175 1036 De
1213 995 1286 1036 vit.
1340 998 1447 1036 cont.
1502 997 1525 1035 9

154 1080 192 1119 p.
224 1071 305 1109 482
347 1068 559 1121 ἐπιθυμία
598 1068 750 1110 dicitur
787 1065 1052 1121 θρεμμάτων
1091 1062 1421 1121 ἀπληστότατον
1457 1068 1526 1121 (cf.

155 1142 255 1183 Tab.
299 1145 350 1185 23
392 1144 463 1184 ubi
503 1143 741 1194 ignorantia
787 1146 828 1183 et
873 1154 988 1183 error
1026 1143 1184 1183 bestiae
1226 1141 1526 1195 appellantur);

155 1217 298 1258 eodem
319 1218 502 1269 pertinet
522 1218 601 1269 leg.
622 1218 689 1258 all.
713 1217 796 1258 114
818 1230 857 1269 p.
882 1220 934 1258 68
957 1217 1033 1258 Μ.;
1066 1213 1117 1257 τὰ
1131 1219 1270 1270 θηρία
1291 1219 1366 1271 τῆς
1387 1219 1529 1270 ψυχῆς

153 1287 204 1332 τὰ
221 1288 358 1344 πάθη.
407 1292 505 1343 Leg.
525 1293 592 1333 all.
614 1292 675 1333 III
693 1295 764 1333 53:
800 1288 1011 1343 δεσπότης
1039 1286 1137 1332 ἀντὶ
1160 1287 1327 1331 δούλου
1349 1293 1527 1344 γίνομαι

155 1365 227 1406 καὶ
258 1361 504 1419 ἀνακράτος
533 1368 641 1407 νικῶ
673 1361 811 1419 καλὴν
841 1367 972 1418 νίκην
1005 1368 1233 1419 καρτερίας
1259 1363 1331 1406 καὶ
1354 1376 1525 1419 σωφρο-

155 1437 293 1493 σύνης
324 1440 596 1482 similitudine
628 1440 893 1491 coniungitur
924 1452 1014 1481 cum
1046 1439 1147 1481 Tab.
1180 1452 1212 1481 c.
1247 1443 1314 1481 22.

269 1515 400 1556 Multa
433 1527 482 1555 ex
512 1515 699 1555 Philonis
737 1515 902 1566 scriptis
940 1514 1078 1555 afferri
1109 1519 1299 1567 possunt,
1338 1526 1445 1565 quae
1475 1514 1528 1555 ad

154 1588 321 1631 Cebetis
358 1589 562 1630 Tabulam
600 1590 785 1641 proxime
824 1589 1039 1639 accedant3
1079 1588 1151 1629 sed
1182 1589 1232 1629 iis
1264 1589 1385 1640 ipsis,
1424 1600 1528 1640 quae

154 1664 366 1717 exscripsi,
390 1664 494 1705 satis
515 1667 649 1705 artam
664 1664 780 1705 illam
798 1664 1086 1715 cognationem
1105 1663 1307 1704 illustrari
1321 1663 1527 1704 existimo.

154 1738 309 1789 Quodsi
330 1739 511 1790 quaeris,
544 1743 638 1780 uter
668 1739 782 1790 prior
813 1742 854 1780 et
889 1762 932 1765 ν’
971 1738 1007 1779 si
1037 1738 1159 1778 modo
1191 1737 1363 1779 alterius
1394 1737 1529 1778 utrius

154 1825 257 1864 opus
275 1813 397 1854 alteri
414 1813 678 1854 obversatum
701 1816 765 1854 est
781 1836 833 1840 —
852 1812 973 1853 alteri
994 1812 1045 1852 ad
1068 1811 1316 1853 imitandum
1338 1811 1530 1852 videatur

153 1888 390 1940 propositus
430 1887 578 1940 fuisse,
619 1886 816 1928 confiteor
857 1890 1015 1928 certum
1055 1886 1252 1927 indicium
1292 1886 1343 1927 de
1378 1886 1456 1927 hac
1485 1897 1530 1926 re

154 1962 254 2002 mihi
286 1963 444 2003 nullum
475 1962 708 2003 obvenisse.
756 1961 1015 2012 Quamquam
1047 1960 1089 2002 id
1110 1960 1312 2012 aliquanti
1336 1959 1529 2011 ponderis

153 2048 244 2077 esse
283 2048 408 2077 ausus
449 2036 525 2077 sim
567 2034 796 2086 affirmare,
837 2035 947 2087 quod
983 2035 1027 2075 in
1065 2034 1250 2075 Philonis
1296 2034 1530 2076 imitatione

153 2110 376 2152 Prodiceae
414 2110 526 2151 illius
566 2110 616 2151 de
647 2109 827 2151 Hercule
864 2109 1031 2150 fabulae
1069 2108 1139 2160 (de
1170 2121 1292 2150 merc.
1325 2112 1469 2149 meret.
1504 2110 1527 2148 2

152 2198 192 2237 p.
234 2188 313 2226 265
356 2184 431 2234 Μ.)
471 2196 673 2236 personae
725 2187 766 2224 et
811 2183 950 2235 plures
996 2186 1038 2224 et
1082 2182 1252 2224 uberius
1299 2182 1530 2234 descriptae

153 2259 506 2312 amplioribusque
527 2263 703 2300 naturae
728 2270 828 2299 suae
846 2261 970 2309 atque
987 2257 1137 2298 indolis
1154 2257 1284 2308 signis
1302 2258 1531 2299 instructae

155 2337 377 2375 occurrunt
407 2346 531 2386 quam
563 2334 605 2375 in
627 2334 794 2375 Pinace.
846 2333 948 2374 Fere
980 2333 1091 2374 enim
1124 2333 1183 2373 sic
1213 2331 1302 2373 fieri
1333 2332 1452 2381 solet,
1484 2335 1531 2372 ut

154 2407 342 2449 imitator
373 2408 476 2460 eius,
509 2409 625 2449 cuius
656 2408 836 2460 vestigia
867 2408 1031 2460 premit,
1064 2407 1364 2460 expositionem
1385 2406 1530 2458 ampli—

154 2482 278 2523 ficare
309 2494 496 2536 novaque
526 2484 591 2524 vel
622 2484 673 2524 ab
705 2483 794 2535 ipso
825 2483 995 2523 inventa
1016 2482 1080 2524 vel
1101 2481 1266 2523 aliunde
1287 2482 1531 2534 deprompta

155 2555 341 2598 addendo
373 2569 573 2600 exornare
606 2558 782 2599 studeat.
846 2557 973 2610 Atqui
1007 2558 1049 2598 in
1071 2557 1231 2599 Tabula
1261 2557 1404 2609 paucis
1434 2568 1529 2608 per—

183 2708 190 2716 Χ
269 2658 295 2702 1)
323 2659 455 2694 Eadem
490 2659 661 2703 allegoria
698 2659 807 2703 paulo
846 2659 1031 2694 decurtata
1065 2658 1241 2693 invenitur
1278 2658 1320 2693 de
1356 2657 1473 2693 sacrif.
1508 2658 1529 2690 5

154 2727 187 2760 P.
216 2719 282 2752 167
296 2718 344 2752 Μ.
